ZION,ASK,2016-04-01 09:25:00.133,25.13
JEC,ASK,2016-04-01 09:25:00.145,43.57
NI,ASK,2016-04-01 09:25:00.382,23.67
REGN,ASK,2016-04-01 09:25:00.383,375.0
NVDA,ASK,2016-04-01 09:25:00.383,35.8
MU,BID,2016-04-01 09:25:00.634,10.31
MS,BID,2016-04-01 09:25:00.634,24.74
MHK,BID,2016-04-01 09:25:00.635,188.07
MCD,BID,2016-04-01 09:25:00.635,124.73
MAT,ASK,2016-04-01 09:25:00.635,34.0
UNM,BID,2016-04-01 09:25:00.635,27.21
UA,BID,2016-04-01 09:25:00.635,83.85
V,ASK,2016-04-01 09:25:00.635,76.35
CBG,BID,2016-04-01 09:25:00.635,27.38
ZION,ASK,2016-04-01 09:25:00.635,25.35
IVZ,BID,2016-04-01 09:25:00.635,30.27
XOM,BID,2016-04-01 09:25:00.635,82.35
WMB,ASK,2016-04-01 09:25:00.635,15.93
FCX,ASK,2016-04-01 09:25:00.885,10.0
HON,BID,2016-04-01 09:25:00.886,110.97
ADT,BID,2016-04-01 09:25:00.887,40.19
RF,ASK,2016-04-01 09:25:00.887,7.84
GE,ASK,2016-04-01 09:25:00.887,31.63
ESS,ASK,2016-04-01 09:25:00.888,-1.0
MAC,BID,2016-04-01 09:25:00.888,78.33
MAC,ASK,2016-04-01 09:25:00.889,80.34
HCP,BID,2016-04-01 09:25:00.889,32.08
HCP,ASK,2016-04-01 09:25:00.889,32.99
BXP,BID,2016-04-01 09:25:00.889,125.3
BXP,ASK,2016-04-01 09:25:00.890,128.91
WY,ASK,2016-04-01 09:25:00.890,31.49
CNP,ASK,2016-04-01 09:25:00.890,21.26
CCI,BID,2016-04-01 09:25:00.890,85.63
VNO,BID,2016-04-01 09:25:00.890,92.91
VNO,ASK,2016-04-01 09:25:00.890,95.77
AIV,ASK,2016-04-01 09:25:00.890,42.4
PSA,BID,2016-04-01 09:25:00.890,262.11
PSA,ASK,2016-04-01 09:25:00.890,295.95
UDR,BID,2016-04-01 09:25:00.891,38.07
SLG,BID,2016-04-01 09:25:00.891,95.38
SLG,ASK,2016-04-01 09:25:00.891,98.14
VTR,BID,2016-04-01 09:25:00.891,62.09
VTR,ASK,2016-04-01 09:25:00.891,63.95
AMT,ASK,2016-04-01 09:25:00.891,103.86
AVB,ASK,2016-04-01 09:25:00.891,-1.0
FAST,BID,2016-04-01 09:25:00.891,45.91
DAL,BID,2016-04-01 09:25:00.891,47.35
EQR,ASK,2016-04-01 09:25:00.891,76.0
D,ASK,2016-04-01 09:25:00.891,75.46
SPG,BID,2016-04-01 09:25:00.892,190.28
SPG,ASK,2016-04-01 09:25:00.892,223.14
CHK,BID,2016-04-01 09:25:00.892,3.95
PG,BID,2016-04-01 09:25:01.136,81.73
NVDA,BID,2016-04-01 09:25:01.136,35.3
PCLN,ASK,2016-04-01 09:25:01.136,1295.0
F,BID,2016-04-01 09:25:01.136,13.26
BA,BID,2016-04-01 09:25:01.137,125.7
MCHP,BID,2016-04-01 09:25:01.137,43.88
MHK,BID,2016-04-01 09:25:01.137,187.64
UNM,BID,2016-04-01 09:25:01.137,27.12
UA,BID,2016-04-01 09:25:01.137,83.75
ATVI,ASK,2016-04-01 09:25:01.384,33.82
APC,ASK,2016-04-01 09:25:01.384,46.56
MAC,ASK,2016-04-01 09:25:01.384,80.33
BXP,BID,2016-04-01 09:25:01.385,125.03
BXP,ASK,2016-04-01 09:25:01.386,-1.0
CNP,ASK,2016-04-01 09:25:01.386,21.5
CCI,BID,2016-04-01 09:25:01.386,85.45
CCI,ASK,2016-04-01 09:25:01.386,87.78
VNO,BID,2016-04-01 09:25:01.386,92.67
VNO,ASK,2016-04-01 09:25:01.386,96.03
UDR,BID,2016-04-01 09:25:01.386,37.98
UDR,ASK,2016-04-01 09:25:01.386,39.55
MDLZ,BID,2016-04-01 09:25:01.386,39.56
SLG,BID,2016-04-01 09:25:01.386,95.13
SLG,ASK,2016-04-01 09:25:01.386,98.43
VTR,BID,2016-04-01 09:25:01.386,61.93
CMCSA,BID,2016-04-01 09:25:01.386,59.76
SPG,BID,2016-04-01 09:25:01.386,183.22
CMG,ASK,2016-04-01 09:25:01.386,462.0
NTAP,ASK,2016-04-01 09:25:01.386,27.93
HCP,BID,2016-04-01 09:25:01.634,31.98
EMR,BID,2016-04-01 09:25:01.634,52.34
HON,BID,2016-04-01 09:25:01.634,110.74
MHK,BID,2016-04-01 09:25:01.635,187.6
PKI,BID,2016-04-01 09:25:01.884,43.05
MAC,BID,2016-04-01 09:25:01.888,78.16
MAC,ASK,2016-04-01 09:25:01.888,80.68
BXP,ASK,2016-04-01 09:25:01.888,129.2
CNP,ASK,2016-04-01 09:25:01.889,21.37
ENDP,BID,2016-04-01 09:25:01.889,27.15
SLG,BID,2016-04-01 09:25:01.889,94.88
UDR,BID,2016-04-01 09:25:02.135,37.89
UNM,BID,2016-04-01 09:25:02.136,27.03
VNO,BID,2016-04-01 09:25:02.136,92.43
VTR,BID,2016-04-01 09:25:02.136,61.77
CCI,BID,2016-04-01 09:25:02.385,85.27
BXP,BID,2016-04-01 09:25:02.385,124.76
BXP,ASK,2016-04-01 09:25:02.386,129.49
CNP,ASK,2016-04-01 09:25:02.386,21.5
OMC,ASK,2016-04-01 09:25:02.386,87.17
DISCA,BID,2016-04-01 09:25:02.386,27.84
SLG,ASK,2016-04-01 09:25:02.386,98.52
UDR,ASK,2016-04-01 09:25:02.636,39.68
HCP,BID,2016-04-01 09:25:02.636,31.88
VNO,ASK,2016-04-01 09:25:02.636,96.29
HON,BID,2016-04-01 09:25:02.636,110.51
PM,BID,2016-04-01 09:25:02.636,97.15
GIS,BID,2016-04-01 09:25:02.636,62.59
IPG,BID,2016-04-01 09:25:02.636,22.59
ZION,ASK,2016-04-01 09:25:02.637,25.56
MAC,BID,2016-04-01 09:25:02.637,77.99
KMX,BID,2016-04-01 09:25:02.637,49.33
PKI,BID,2016-04-01 09:25:02.886,43.33
CNP,ASK,2016-04-01 09:25:02.886,21.44
SLG,BID,2016-04-01 09:25:02.886,94.63
UDR,BID,2016-04-01 09:25:03.137,37.8
HRB,ASK,2016-04-01 09:25:03.137,26.78
VNO,BID,2016-04-01 09:25:03.137,92.19
VNO,ASK,2016-04-01 09:25:03.137,103.1
VTR,BID,2016-04-01 09:25:03.137,61.61
VRTX,ASK,2016-04-01 09:25:03.137,81.98
CAH,BID,2016-04-01 09:25:03.137,80.17
PM,BID,2016-04-01 09:25:03.137,97.4
GIS,BID,2016-04-01 09:25:03.137,62.77
MAC,ASK,2016-04-01 09:25:03.137,80.88
CMCSA,BID,2016-04-01 09:25:03.137,59.9
IPG,BID,2016-04-01 09:25:03.137,22.67
HOT,ASK,2016-04-01 09:25:03.387,79.79
BXP,BID,2016-04-01 09:25:03.387,124.49
CCI,BID,2016-04-01 09:25:03.387,85.11
RL,ASK,2016-04-01 09:25:03.387,97.52
CNP,ASK,2016-04-01 09:25:03.387,21.5
AME,BID,2016-04-01 09:25:03.387,49.22
DO,BID,2016-04-01 09:25:03.638,20.02
UDR,ASK,2016-04-01 09:25:03.638,39.79
HCP,BID,2016-04-01 09:25:03.638,31.78
HRB,ASK,2016-04-01 09:25:03.638,26.86
VNO,ASK,2016-04-01 09:25:03.638,96.55
HON,BID,2016-04-01 09:25:03.639,110.28
AAL,BID,2016-04-01 09:25:03.639,40.01
FMC,BID,2016-04-01 09:25:03.639,39.36
GIS,ASK,2016-04-01 09:25:03.639,64.42
CB,ASK,2016-04-01 09:25:03.639,120.98
CAH,BID,2016-04-01 09:25:03.639,80.59
MAC,BID,2016-04-01 09:25:03.639,77.82
MAC,ASK,2016-04-01 09:25:03.639,80.9
NEM,ASK,2016-04-01 09:25:03.888,26.42
BXP,ASK,2016-04-01 09:25:03.888,129.78
HBI,ASK,2016-04-01 09:25:03.888,28.91
F,ASK,2016-04-01 09:25:03.888,13.29
CVX,ASK,2016-04-01 09:25:03.888,95.8
RL,ASK,2016-04-01 09:25:03.891,96.15
SLG,BID,2016-04-01 09:25:03.891,94.5
AME,BID,2016-04-01 09:25:03.891,49.44
EXPE,ASK,2016-04-01 09:25:04.139,107.8
D,BID,2016-04-01 09:25:04.139,73.92
GPC,ASK,2016-04-01 09:25:04.139,100.93
UDR,BID,2016-04-01 09:25:04.139,37.71
UDR,ASK,2016-04-01 09:25:04.139,42.61
HRB,ASK,2016-04-01 09:25:04.139,26.56
VTR,BID,2016-04-01 09:25:04.139,61.45
VNO,BID,2016-04-01 09:25:04.140,91.95
VNO,ASK,2016-04-01 09:25:04.140,103.1
AAL,BID,2016-04-01 09:25:04.140,40.15
WEC,BID,2016-04-01 09:25:04.140,58.85
GIS,ASK,2016-04-01 09:25:04.140,63.78
MAC,ASK,2016-04-01 09:25:04.140,81.07
FMC,BID,2016-04-01 09:25:04.140,39.54
CB,ASK,2016-04-01 09:25:04.388,119.66
NEM,ASK,2016-04-01 09:25:04.389,26.2
BXP,BID,2016-04-01 09:25:04.389,124.22
BXP,ASK,2016-04-01 09:25:04.389,-1.0
F,ASK,2016-04-01 09:25:04.392,13.3
CI,ASK,2016-04-01 09:25:04.392,139.25
CVX,ASK,2016-04-01 09:25:04.392,94.62
GPC,BID,2016-04-01 09:25:04.639,94.45
D,BID,2016-04-01 09:25:04.640,74.38
UDR,ASK,2016-04-01 09:25:04.640,39.9
RSG,BID,2016-04-01 09:25:04.640,46.92
HCP,BID,2016-04-01 09:25:04.640,31.76
HON,BID,2016-04-01 09:25:04.640,110.05
VNO,ASK,2016-04-01 09:25:04.640,96.81
WEC,BID,2016-04-01 09:25:04.640,59.19
MAC,BID,2016-04-01 09:25:04.640,77.65
BXP,ASK,2016-04-01 09:25:04.959,130.02
APD,ASK,2016-04-01 09:25:04.959,146.07
SNI,BID,2016-04-01 09:25:04.959,61.14
GPC,BID,2016-04-01 09:25:05.139,94.56
GPC,ASK,2016-04-01 09:25:05.140,99.7
UDR,BID,2016-04-01 09:25:05.140,37.62
UDR,ASK,2016-04-01 09:25:05.140,42.61
RSG,BID,2016-04-01 09:25:05.140,46.9
VTR,BID,2016-04-01 09:25:05.140,61.41
VNO,BID,2016-04-01 09:25:05.140,91.71
VNO,ASK,2016-04-01 09:25:05.140,103.1
AMG,ASK,2016-04-01 09:25:05.140,-1.0
EXPE,ASK,2016-04-01 09:25:05.142,107.79
MAC,ASK,2016-04-01 09:25:05.142,81.26
BXP,BID,2016-04-01 09:25:05.390,123.95
EOG,ASK,2016-04-01 09:25:05.390,72.9
APD,ASK,2016-04-01 09:25:05.390,144.0
CI,ASK,2016-04-01 09:25:05.390,137.48
KSU,ASK,2016-04-01 09:25:05.390,86.47
LLL,ASK,2016-04-01 09:25:05.390,120.27
XEC,BID,2016-04-01 09:25:05.390,93.83
MMC,BID,2016-04-01 09:25:05.641,59.87
RSG,BID,2016-04-01 09:25:05.641,47.2
UDR,ASK,2016-04-01 09:25:05.641,40.01
HON,BID,2016-04-01 09:25:05.641,109.82
VTR,BID,2016-04-01 09:25:05.641,61.29
VNO,ASK,2016-04-01 09:25:05.641,97.07
MCO,BID,2016-04-01 09:25:05.641,95.01
AMG,ASK,2016-04-01 09:25:05.641,162.65
MAC,BID,2016-04-01 09:25:05.641,77.61
MAC,ASK,2016-04-01 09:25:05.641,81.28
LNC,ASK,2016-04-01 09:25:05.641,39.68
EOG,ASK,2016-04-01 09:25:05.891,72.16
KSU,ASK,2016-04-01 09:25:05.891,85.7
LLL,ASK,2016-04-01 09:25:05.891,119.1
LH,ASK,2016-04-01 09:25:05.891,119.0
SNI,BID,2016-04-01 09:25:05.891,61.76
MMC,BID,2016-04-01 09:25:06.141,59.73
UDR,BID,2016-04-01 09:25:06.141,37.53
UDR,ASK,2016-04-01 09:25:06.141,42.61
VTR,BID,2016-04-01 09:25:06.141,61.26
VNO,BID,2016-04-01 09:25:06.141,91.47
VNO,ASK,2016-04-01 09:25:06.141,103.1
MCO,BID,2016-04-01 09:25:06.141,94.79
KMB,ASK,2016-04-01 09:25:06.141,136.73
MAC,ASK,2016-04-01 09:25:06.141,81.45
SPLS,ASK,2016-04-01 09:25:06.142,11.33
CA,BID,2016-04-01 09:25:06.391,29.9
BXP,BID,2016-04-01 09:25:06.391,123.88
OMC,ASK,2016-04-01 09:25:06.391,87.16
EL,ASK,2016-04-01 09:25:06.391,95.69
FDX,ASK,2016-04-01 09:25:06.391,163.1
LH,ASK,2016-04-01 09:25:06.392,117.59
MMC,BID,2016-04-01 09:25:06.642,59.74
UDR,ASK,2016-04-01 09:25:06.642,40.12
HON,BID,2016-04-01 09:25:06.642,109.59
VNO,ASK,2016-04-01 09:25:06.642,97.33
MCO,BID,2016-04-01 09:25:06.642,95.28
KMB,ASK,2016-04-01 09:25:06.642,135.85
FFIV,ASK,2016-04-01 09:25:06.642,110.4
EXC,BID,2016-04-01 09:25:06.642,35.44
MAC,ASK,2016-04-01 09:25:06.642,-1.0
KEY,ASK,2016-04-01 09:25:06.642,11.17
BXP,BID,2016-04-01 09:25:06.891,123.68
GPS,BID,2016-04-01 09:25:06.892,28.88
EL,BID,2016-04-01 09:25:06.892,93.21
UDR,BID,2016-04-01 09:25:07.142,37.44
UDR,ASK,2016-04-01 09:25:07.142,44.81
VNO,BID,2016-04-01 09:25:07.142,91.23
VNO,ASK,2016-04-01 09:25:07.142,103.1
NEM,ASK,2016-04-01 09:25:07.143,26.42
EXC,ASK,2016-04-01 09:25:07.143,36.0
MAC,ASK,2016-04-01 09:25:07.143,81.64
KEY,ASK,2016-04-01 09:25:07.393,11.06
BXP,BID,2016-04-01 09:25:07.393,123.41
GPS,ASK,2016-04-01 09:25:07.393,29.84
EL,BID,2016-04-01 09:25:07.393,93.29
EL,ASK,2016-04-01 09:25:07.393,94.38
UDR,ASK,2016-04-01 09:25:07.644,40.32
HON,BID,2016-04-01 09:25:07.644,109.5
VNO,ASK,2016-04-01 09:25:07.644,97.59
NEM,ASK,2016-04-01 09:25:07.644,26.18
MON,ASK,2016-04-01 09:25:07.644,87.94
EXC,BID,2016-04-01 09:25:07.644,35.58
MAC,ASK,2016-04-01 09:25:07.644,-1.0
CPB,ASK,2016-04-01 09:25:07.644,66.06
GPS,ASK,2016-04-01 09:25:07.893,29.33
VNO,BID,2016-04-01 09:25:08.143,90.99
VNO,ASK,2016-04-01 09:25:08.144,103.1
UDR,BID,2016-04-01 09:25:08.144,37.35
UDR,ASK,2016-04-01 09:25:08.144,43.19
ADP,BID,2016-04-01 09:25:08.144,86.81
MJN,BID,2016-04-01 09:25:08.144,82.85
MAC,ASK,2016-04-01 09:25:08.144,81.83
BXP,BID,2016-04-01 09:25:08.394,123.39
COL,BID,2016-04-01 09:25:08.394,90.63
HOT,TRADE,2016-04-01 09:25:08.645,79.61
VNO,ASK,2016-04-01 09:25:08.645,97.85
UDR,ASK,2016-04-01 09:25:08.645,40.43
DGX,ASK,2016-04-01 09:25:08.645,72.58
MAC,ASK,2016-04-01 09:25:08.645,-1.0
COH,BID,2016-04-01 09:25:08.894,39.47
BXP,BID,2016-04-01 09:25:08.895,123.14
COL,BID,2016-04-01 09:25:08.895,90.43
AMG,ASK,2016-04-01 09:25:08.895,-1.0
HOT,TRADE,2016-04-01 09:25:09.146,79.6
AWK,BID,2016-04-01 09:25:09.146,68.17
AWK,ASK,2016-04-01 09:25:09.146,70.08
AET,BID,2016-04-01 09:25:09.146,110.27
CPB,ASK,2016-04-01 09:25:09.146,66.05
VNO,BID,2016-04-01 09:25:09.146,90.75
VNO,ASK,2016-04-01 09:25:09.146,103.1
UDR,BID,2016-04-01 09:25:09.146,37.26
UDR,ASK,2016-04-01 09:25:09.146,43.19
CXO,ASK,2016-04-01 09:25:09.146,102.38
MAC,ASK,2016-04-01 09:25:09.146,82.02
GRMN,ASK,2016-04-01 09:25:09.146,40.74
DGX,ASK,2016-04-01 09:25:09.396,71.81
DHI,BID,2016-04-01 09:25:09.396,29.49
BXP,BID,2016-04-01 09:25:09.396,122.87
COL,BID,2016-04-01 09:25:09.404,90.65
CCE,BID,2016-04-01 09:25:09.404,49.98
COH,BID,2016-04-01 09:25:09.404,39.4
OMC,ASK,2016-04-01 09:25:09.404,87.15
DAL,BID,2016-04-01 09:25:09.405,47.41
AMG,ASK,2016-04-01 09:25:09.405,165.71
AWK,BID,2016-04-01 09:25:09.647,68.02
AET,BID,2016-04-01 09:25:09.648,110.01
UDR,ASK,2016-04-01 09:25:09.648,40.54
VNO,ASK,2016-04-01 09:25:09.648,98.11
CMS,BID,2016-04-01 09:25:09.648,42.04
CXO,BID,2016-04-01 09:25:09.648,96.28
CXO,ASK,2016-04-01 09:25:09.648,103.32
CHD,BID,2016-04-01 09:25:09.648,90.96
MAC,ASK,2016-04-01 09:25:09.648,-1.0
DRI,ASK,2016-04-01 09:25:09.648,67.0
CF,ASK,2016-04-01 09:25:09.897,31.62
COH,ASK,2016-04-01 09:25:09.897,40.62
BK,ASK,2016-04-01 09:25:09.897,37.29
LRCX,ASK,2016-04-01 09:25:09.897,83.85
DAL,BID,2016-04-01 09:25:09.897,47.35
APA,ASK,2016-04-01 09:25:10.148,47.89
AWK,BID,2016-04-01 09:25:10.148,68.5
AWK,ASK,2016-04-01 09:25:10.148,69.25
AET,BID,2016-04-01 09:25:10.148,110.53
UDR,BID,2016-04-01 09:25:10.148,37.17
UDR,ASK,2016-04-01 09:25:10.148,43.19
VNO,BID,2016-04-01 09:25:10.148,90.51
VNO,ASK,2016-04-01 09:25:10.148,105.08
CXO,BID,2016-04-01 09:25:10.148,94.92
CXO,ASK,2016-04-01 09:25:10.148,99.25
CHD,BID,2016-04-01 09:25:10.148,91.34
MAC,ASK,2016-04-01 09:25:10.148,82.21
BLL,ASK,2016-04-01 09:25:10.148,72.95
BXP,BID,2016-04-01 09:25:10.403,122.85
BAX,BID,2016-04-01 09:25:10.470,40.31
DRI,ASK,2016-04-01 09:25:10.470,66.76
PRGO,ASK,2016-04-01 09:25:10.470,129.85
BEN,BID,2016-04-01 09:25:10.470,38.12
COH,ASK,2016-04-01 09:25:10.470,40.11
HUM,BID,2016-04-01 09:25:10.470,180.88
EMC,ASK,2016-04-01 09:25:10.470,26.85
CI,BID,2016-04-01 09:25:10.470,135.62
CI,ASK,2016-04-01 09:25:10.470,139.25
BK,ASK,2016-04-01 09:25:10.470,37.4
LRCX,ASK,2016-04-01 09:25:10.470,84.0
ANTM,BID,2016-04-01 09:25:10.470,136.52
ANTM,ASK,2016-04-01 09:25:10.470,140.89
UNH,BID,2016-04-01 09:25:10.470,127.25
TWX,BID,2016-04-01 09:25:10.470,71.47
TWX,ASK,2016-04-01 09:25:10.470,73.51
TWC,BID,2016-04-01 09:25:10.471,189.25
AME,BID,2016-04-01 09:25:10.471,49.32
ABBV,ASK,2016-04-01 09:25:10.471,57.83
AET,BID,2016-04-01 09:25:10.648,110.27
SHW,ASK,2016-04-01 09:25:10.649,304.72
BHI,ASK,2016-04-01 09:25:10.649,44.34
VNO,ASK,2016-04-01 09:25:10.649,98.37
UDR,ASK,2016-04-01 09:25:10.650,40.65
CXO,BID,2016-04-01 09:25:10.650,94.51
NFX,ASK,2016-04-01 09:25:10.650,33.61
MAT,BID,2016-04-01 09:25:10.650,32.28
SNA,BID,2016-04-01 09:25:10.650,154.88
MAC,ASK,2016-04-01 09:25:10.650,-1.0
PEG,ASK,2016-04-01 09:25:10.650,47.6
BLL,ASK,2016-04-01 09:25:10.650,72.93
BXP,BID,2016-04-01 09:25:10.898,122.6
CSCO,ASK,2016-04-01 09:25:10.899,28.4
PNW,BID,2016-04-01 09:25:10.899,74.29
PNW,ASK,2016-04-01 09:25:10.899,76.32
PRGO,ASK,2016-04-01 09:25:10.899,128.28
HUM,BID,2016-04-01 09:25:10.900,180.5
SYF,ASK,2016-04-01 09:25:10.900,29.1
BK,ASK,2016-04-01 09:25:10.900,37.13
EMC,ASK,2016-04-01 09:25:10.900,26.8
TWC,BID,2016-04-01 09:25:10.900,202.67
TWX,BID,2016-04-01 09:25:10.900,71.62
TWX,ASK,2016-04-01 09:25:10.900,72.39
UNH,BID,2016-04-01 09:25:10.900,127.44
CI,BID,2016-04-01 09:25:10.900,135.87
CI,ASK,2016-04-01 09:25:10.901,137.48
ANTM,BID,2016-04-01 09:25:10.901,136.8
ANTM,ASK,2016-04-01 09:25:10.901,139.12
NEE,BID,2016-04-01 09:25:11.151,116.99
ABBV,ASK,2016-04-01 09:25:11.151,57.09
PGR,ASK,2016-04-01 09:25:11.152,35.52
WHR,ASK,2016-04-01 09:25:11.152,182.0
AET,BID,2016-04-01 09:25:11.152,110.53
CPB,ASK,2016-04-01 09:25:11.152,66.04
RHT,ASK,2016-04-01 09:25:11.152,75.16
UDR,BID,2016-04-01 09:25:11.152,37.14
UDR,ASK,2016-04-01 09:25:11.152,43.19
VNO,BID,2016-04-01 09:25:11.152,90.27
VNO,ASK,2016-04-01 09:25:11.152,105.08
PWR,BID,2016-04-01 09:25:11.153,22.11
CXO,BID,2016-04-01 09:25:11.153,94.53
BHI,ASK,2016-04-01 09:25:11.153,43.59
SHW,ASK,2016-04-01 09:25:11.153,284.59
HOT,BID,2016-04-01 09:25:11.153,79.21
EOG,ASK,2016-04-01 09:25:11.153,72.9
JWN,BID,2016-04-01 09:25:11.153,56.34
AME,BID,2016-04-01 09:25:11.153,49.31
SNA,BID,2016-04-01 09:25:11.153,154.55
SNA,ASK,2016-04-01 09:25:11.154,160.5
MAC,ASK,2016-04-01 09:25:11.154,82.4
LNC,ASK,2016-04-01 09:25:11.154,39.74
BLL,ASK,2016-04-01 09:25:11.154,71.85
NFX,ASK,2016-04-01 09:25:11.154,33.33
PEG,ASK,2016-04-01 09:25:11.399,47.41
BXP,BID,2016-04-01 09:25:11.399,122.33
AKAM,BID,2016-04-01 09:25:11.399,54.75
PNW,BID,2016-04-01 09:25:11.399,74.13
PNW,ASK,2016-04-01 09:25:11.399,76.5
HUM,BID,2016-04-01 09:25:11.399,181.26
PKI,ASK,2016-04-01 09:25:11.399,51.81
SYF,ASK,2016-04-01 09:25:11.399,28.59
RTN,BID,2016-04-01 09:25:11.399,121.25
PX,ASK,2016-04-01 09:25:11.399,116.0
NBL,ASK,2016-04-01 09:25:11.399,32.6
CPB,BID,2016-04-01 09:25:11.761,62.88
PGR,ASK,2016-04-01 09:25:11.761,35.22
NEE,BID,2016-04-01 09:25:11.761,117.47
WHR,ASK,2016-04-01 09:25:11.761,180.54
RHT,ASK,2016-04-01 09:25:11.761,74.48
VNO,ASK,2016-04-01 09:25:11.761,98.63
UDR,ASK,2016-04-01 09:25:11.761,40.78
SHW,BID,2016-04-01 09:25:11.761,272.0
PWR,BID,2016-04-01 09:25:11.761,22.21
PWR,ASK,2016-04-01 09:25:11.761,22.86
EOG,ASK,2016-04-01 09:25:11.762,72.15
SNA,BID,2016-04-01 09:25:11.762,154.71
SNA,ASK,2016-04-01 09:25:11.762,156.94
JWN,BID,2016-04-01 09:25:11.762,56.41
MAC,ASK,2016-04-01 09:25:11.762,-1.0
EQT,ASK,2016-04-01 09:25:11.900,68.22
PEG,BID,2016-04-01 09:25:11.900,46.72
CXO,BID,2016-04-01 09:25:11.900,94.55
PNW,BID,2016-04-01 09:25:11.900,74.65
PNW,ASK,2016-04-01 09:25:11.900,75.47
PPG,BID,2016-04-01 09:25:11.901,109.61
USB,ASK,2016-04-01 09:25:11.901,41.09
PKI,ASK,2016-04-01 09:25:11.901,49.67
RTN,BID,2016-04-01 09:25:11.901,121.0
NBL,BID,2016-04-01 09:25:11.901,28.08
NBL,ASK,2016-04-01 09:25:11.902,32.9
PX,ASK,2016-04-01 09:25:12.150,115.0
BLK,ASK,2016-04-01 09:25:12.151,355.04
NEE,ASK,2016-04-01 09:25:12.151,120.0
TXT,ASK,2016-04-01 09:25:12.151,36.81
RHT,BID,2016-04-01 09:25:12.151,73.21
VNO,BID,2016-04-01 09:25:12.151,90.03
VNO,ASK,2016-04-01 09:25:12.151,105.08
UDR,ASK,2016-04-01 09:25:12.152,43.19
SHW,BID,2016-04-01 09:25:12.152,279.28
PWR,ASK,2016-04-01 09:25:12.152,22.95
MAC,ASK,2016-04-01 09:25:12.152,82.59
TROW,BID,2016-04-01 09:25:12.152,71.49
BXP,BID,2016-04-01 09:25:12.401,122.31
WHR,BID,2016-04-01 09:25:12.401,177.83
EQT,ASK,2016-04-01 09:25:12.401,66.8
CPB,BID,2016-04-01 09:25:12.401,63.07
PPG,BID,2016-04-01 09:25:12.401,109.73
USB,ASK,2016-04-01 09:25:12.401,40.86
RTN,BID,2016-04-01 09:25:12.401,121.25
NBL,BID,2016-04-01 09:25:12.401,27.71
NBL,ASK,2016-04-01 09:25:12.401,30.93
NEE,ASK,2016-04-01 09:25:12.651,119.4
TXT,ASK,2016-04-01 09:25:12.651,36.41
UDR,ASK,2016-04-01 09:25:12.651,40.89
VNO,ASK,2016-04-01 09:25:12.651,98.89
PWR,ASK,2016-04-01 09:25:12.651,22.7
TDC,BID,2016-04-01 09:25:12.651,24.9
MAC,ASK,2016-04-01 09:25:12.651,-1.0
WU,BID,2016-04-01 09:25:12.651,18.99
MAR,TRADE,2016-04-01 09:25:12.902,67.04
BXP,BID,2016-04-01 09:25:12.903,122.06
XEL,BID,2016-04-01 09:25:12.903,41.18
WHR,BID,2016-04-01 09:25:12.903,178.09
CXO,BID,2016-04-01 09:25:12.903,94.56
TIF,ASK,2016-04-01 09:25:12.903,74.34
TMK,ASK,2016-04-01 09:25:12.903,55.49
RHT,BID,2016-04-01 09:25:12.903,73.05
NBL,BID,2016-04-01 09:25:12.903,27.65
NVDA,ASK,2016-04-01 09:25:12.903,36.01
QRVO,BID,2016-04-01 09:25:13.152,46.8
CPB,ASK,2016-04-01 09:25:13.152,66.03
VNO,BID,2016-04-01 09:25:13.152,89.79
VNO,ASK,2016-04-01 09:25:13.152,105.08
UDR,ASK,2016-04-01 09:25:13.152,43.19
GIS,ASK,2016-04-01 09:25:13.152,64.42
AKAM,ASK,2016-04-01 09:25:13.152,55.96
UHS,ASK,2016-04-01 09:25:13.152,126.52
TDC,BID,2016-04-01 09:25:13.152,24.81
MAC,ASK,2016-04-01 09:25:13.152,82.72
WU,BID,2016-04-01 09:25:13.153,18.94
NTRS,ASK,2016-04-01 09:25:13.402,69.08
BXP,BID,2016-04-01 09:25:13.403,121.79
SEE,BID,2016-04-01 09:25:13.403,42.93
SEE,ASK,2016-04-01 09:25:13.403,49.69
XEL,BID,2016-04-01 09:25:13.403,41.48
GME,ASK,2016-04-01 09:25:13.403,32.49
TMK,ASK,2016-04-01 09:25:13.403,55.92
OMC,ASK,2016-04-01 09:25:13.403,87.14
DISCA,BID,2016-04-01 09:25:13.403,27.86
CVX,BID,2016-04-01 09:25:13.653,93.85
YUM,ASK,2016-04-01 09:25:13.653,82.98
UDR,ASK,2016-04-01 09:25:13.654,41.0
VNO,ASK,2016-04-01 09:25:13.654,99.15
GIS,ASK,2016-04-01 09:25:13.654,64.1
TDC,BID,2016-04-01 09:25:13.654,25.18
XRX,ASK,2016-04-01 09:25:13.654,11.29
UHS,ASK,2016-04-01 09:25:13.654,124.47
WU,BID,2016-04-01 09:25:13.654,19.08
WU,ASK,2016-04-01 09:25:13.654,19.56
SNI,ASK,2016-04-01 09:25:13.903,67.87
FIS,ASK,2016-04-01 09:25:13.904,64.38
CXO,BID,2016-04-01 09:25:13.904,94.58
TMK,ASK,2016-04-01 09:25:13.904,54.41
RHT,BID,2016-04-01 09:25:13.904,72.99
ITW,BID,2016-04-01 09:25:13.904,101.29
HON,ASK,2016-04-01 09:25:13.904,113.51
SEE,BID,2016-04-01 09:25:13.904,42.81
HRL,ASK,2016-04-01 09:25:14.154,43.92
YUM,ASK,2016-04-01 09:25:14.154,82.0
CA,ASK,2016-04-01 09:25:14.154,32.0
NEM,ASK,2016-04-01 09:25:14.154,26.42
UDR,ASK,2016-04-01 09:25:14.154,43.19
VNO,BID,2016-04-01 09:25:14.154,89.55
VNO,ASK,2016-04-01 09:25:14.154,105.08
MDLZ,BID,2016-04-01 09:25:14.154,39.48
WU,ASK,2016-04-01 09:25:14.154,19.42
BXP,BID,2016-04-01 09:25:14.403,121.77
HON,ASK,2016-04-01 09:25:14.403,112.35
CTXS,ASK,2016-04-01 09:25:14.655,80.13
HRL,ASK,2016-04-01 09:25:14.655,43.66
ITW,ASK,2016-04-01 09:25:14.655,103.1
NEM,ASK,2016-04-01 09:25:14.655,26.17
UDR,ASK,2016-04-01 09:25:14.655,41.11
VNO,ASK,2016-04-01 09:25:14.655,99.27
TROW,ASK,2016-04-01 09:25:14.655,74.55
BXP,BID,2016-04-01 09:25:14.974,121.52
CXO,BID,2016-04-01 09:25:14.974,94.59
TXN,ASK,2016-04-01 09:25:14.974,58.41
SEE,BID,2016-04-01 09:25:14.975,42.69
UAL,TRADE,2016-04-01 09:25:15.156,58.2
CVX,TRADE,2016-04-01 09:25:15.156,93.85
CPB,ASK,2016-04-01 09:25:15.156,66.02
ITW,BID,2016-04-01 09:25:15.156,101.07
UDR,ASK,2016-04-01 09:25:15.156,44.05
VNO,BID,2016-04-01 09:25:15.156,89.31
DAL,BID,2016-04-01 09:25:15.156,47.41
CA,BID,2016-04-01 09:25:15.157,29.91
MRO,ASK,2016-04-01 09:25:15.157,10.75
PFE,ASK,2016-04-01 09:25:15.157,29.51
UAL,BID,2016-04-01 09:25:15.157,58.02
UAL,ASK,2016-04-01 09:25:15.157,58.39
UPS,ASK,2016-04-01 09:25:15.157,107.0
ROST,ASK,2016-04-01 09:25:15.157,58.31
DOV,ASK,2016-04-01 09:25:15.157,65.15
BXP,BID,2016-04-01 09:25:15.405,121.25
ITW,ASK,2016-04-01 09:25:15.657,102.34
UDR,ASK,2016-04-01 09:25:15.658,41.22
VNO,BID,2016-04-01 09:25:15.658,89.37
MRO,ASK,2016-04-01 09:25:15.658,10.7
BXLT,BID,2016-04-01 09:25:15.658,40.18
DAL,BID,2016-04-01 09:25:15.658,47.35
PFE,ASK,2016-04-01 09:25:15.658,29.69
UAL,ASK,2016-04-01 09:25:15.658,58.8
CVX,BID,2016-04-01 09:25:15.658,93.6
UPS,ASK,2016-04-01 09:25:15.658,105.76
ROST,ASK,2016-04-01 09:25:15.659,58.33
DOV,ASK,2016-04-01 09:25:15.659,65.32
MET,ASK,2016-04-01 09:25:15.906,44.36
CXO,BID,2016-04-01 09:25:15.907,94.61
CPB,ASK,2016-04-01 09:25:16.157,66.01
FMC,ASK,2016-04-01 09:25:16.157,41.28
UDR,ASK,2016-04-01 09:25:16.157,44.05
XOM,BID,2016-04-01 09:25:16.158,82.31
ICE,BID,2016-04-01 09:25:16.158,233.2
ICE,ASK,2016-04-01 09:25:16.158,236.12
DOV,ASK,2016-04-01 09:25:16.158,64.4
BXLT,TRADE,2016-04-01 09:25:16.407,40.2
BXLT,BID,2016-04-01 09:25:16.407,40.2
BXP,BID,2016-04-01 09:25:16.407,121.23
MET,ASK,2016-04-01 09:25:16.408,43.95
SLG,ASK,2016-04-01 09:25:16.408,98.74
UDR,ASK,2016-04-01 09:25:16.657,41.33
INTU,ASK,2016-04-01 09:25:16.907,104.28
BXLT,BID,2016-04-01 09:25:16.908,40.18
BXP,BID,2016-04-01 09:25:16.908,120.98
CXO,BID,2016-04-01 09:25:16.908,94.62
CVX,BID,2016-04-01 09:25:17.158,93.83
UDR,ASK,2016-04-01 09:25:17.158,44.05
INTU,ASK,2016-04-01 09:25:17.408,104.3
BXP,BID,2016-04-01 09:25:17.408,120.71
OMC,ASK,2016-04-01 09:25:17.409,87.13
EL,BID,2016-04-01 09:25:17.409,93.21
UDR,ASK,2016-04-01 09:25:17.659,41.44
CBG,BID,2016-04-01 09:25:17.659,27.29
VZ,ASK,2016-04-01 09:25:17.909,53.54
CXO,BID,2016-04-01 09:25:17.909,94.64
CERN,ASK,2016-04-01 09:25:17.909,52.71
EL,BID,2016-04-01 09:25:18.159,93.36
CPB,ASK,2016-04-01 09:25:18.160,66.0
RHT,BID,2016-04-01 09:25:18.160,72.83
UDR,ASK,2016-04-01 09:25:18.160,44.05
PSX,ASK,2016-04-01 09:25:18.160,87.68
VRTX,ASK,2016-04-01 09:25:18.160,82.0
VZ,ASK,2016-04-01 09:25:18.409,53.58
BXP,BID,2016-04-01 09:25:18.410,120.69
CERN,ASK,2016-04-01 09:25:18.410,53.66
DTE,BID,2016-04-01 09:25:18.410,89.59
PRU,BID,2016-04-01 09:25:18.410,71.24
DOV,BID,2016-04-01 09:25:18.660,61.81
RHT,BID,2016-04-01 09:25:18.660,73.05
BHI,ASK,2016-04-01 09:25:18.660,44.34
UDR,ASK,2016-04-01 09:25:18.661,41.55
PSX,ASK,2016-04-01 09:25:18.661,86.64
VZ,ASK,2016-04-01 09:25:18.910,53.74
BXP,BID,2016-04-01 09:25:18.911,120.44
CXO,BID,2016-04-01 09:25:18.911,94.65
SHW,BID,2016-04-01 09:25:18.911,272.0
DTE,BID,2016-04-01 09:25:18.911,89.84
PRU,BID,2016-04-01 09:25:18.911,71.01
BHI,OPEN,2016-04-01 09:25:19.161,43.36
BHI,TRADE,2016-04-01 09:25:19.162,43.36
MMC,BID,2016-04-01 09:25:19.162,59.6
UDR,ASK,2016-04-01 09:25:19.163,44.05
DLTR,ASK,2016-04-01 09:25:19.163,83.04
LNC,BID,2016-04-01 09:25:19.163,38.67
BHI,ASK,2016-04-01 09:25:19.163,43.36
BXP,BID,2016-04-01 09:25:19.411,120.17
R,ASK,2016-04-01 09:25:19.411,68.55
CXO,ASK,2016-04-01 09:25:19.411,102.2
EXC,BID,2016-04-01 09:25:19.412,35.5
SHW,BID,2016-04-01 09:25:19.412,280.18
PRU,BID,2016-04-01 09:25:19.412,71.38
DO,BID,2016-04-01 09:25:19.661,19.94
UDR,ASK,2016-04-01 09:25:19.661,41.66
MMC,BID,2016-04-01 09:25:19.662,60.0
DLTR,ASK,2016-04-01 09:25:19.662,83.78
BHI,BID,2016-04-01 09:25:19.662,42.56
LNC,BID,2016-04-01 09:25:19.662,38.71
XEC,ASK,2016-04-01 09:25:19.911,101.29
CXO,BID,2016-04-01 09:25:19.912,96.33
CXO,ASK,2016-04-01 09:25:19.912,103.09
SYK,BID,2016-04-01 09:25:19.912,105.68
SYK,ASK,2016-04-01 09:25:19.912,107.51
EXC,BID,2016-04-01 09:25:19.912,35.45
VZ,ASK,2016-04-01 09:25:20.162,53.54
CPB,ASK,2016-04-01 09:25:20.162,65.99
UDR,ASK,2016-04-01 09:25:20.162,44.05
MCHP,BID,2016-04-01 09:25:20.162,44.01
CINF,ASK,2016-04-01 09:25:20.412,66.47
XEC,ASK,2016-04-01 09:25:20.413,100.17
CXO,BID,2016-04-01 09:25:20.413,94.57
CXO,ASK,2016-04-01 09:25:20.413,99.12
JEC,ASK,2016-04-01 09:25:20.413,44.11
EXC,BID,2016-04-01 09:25:20.413,35.52
EXC,ASK,2016-04-01 09:25:20.413,35.94
HAR,BID,2016-04-01 09:25:20.413,84.75
EOG,ASK,2016-04-01 09:25:20.414,72.26
VZ,ASK,2016-04-01 09:25:20.662,53.74
UDR,ASK,2016-04-01 09:25:20.663,41.77
CXO,BID,2016-04-01 09:25:20.913,94.59
NFX,ASK,2016-04-01 09:25:20.913,33.61
JEC,ASK,2016-04-01 09:25:20.913,43.46
HP,ASK,2016-04-01 09:25:20.913,59.06
MS,BID,2016-04-01 09:25:20.914,24.73
WDC,ASK,2016-04-01 09:25:20.914,46.79
EOG,ASK,2016-04-01 09:25:20.914,72.16
YHOO,ASK,2016-04-01 09:25:20.914,36.7
VZ,TRADE,2016-04-01 09:25:21.164,53.5
UDR,ASK,2016-04-01 09:25:21.164,44.05
SWK,ASK,2016-04-01 09:25:21.164,108.13
VZ,ASK,2016-04-01 09:25:21.164,53.54
OMC,ASK,2016-04-01 09:25:21.414,87.12
AIG,ASK,2016-04-01 09:25:21.414,54.35
JEC,BID,2016-04-01 09:25:21.414,42.9
NFX,ASK,2016-04-01 09:25:21.414,33.0
HP,ASK,2016-04-01 09:25:21.414,58.24
PDCO,ASK,2016-04-01 09:25:21.664,50.77
UDR,ASK,2016-04-01 09:25:21.664,41.83
VZ,ASK,2016-04-01 09:25:21.914,53.74
CXO,BID,2016-04-01 09:25:21.915,94.6
JEC,BID,2016-04-01 09:25:21.915,42.95
AIG,ASK,2016-04-01 09:25:21.915,54.03
FDX,ASK,2016-04-01 09:25:21.915,163.09
CPB,ASK,2016-04-01 09:25:22.165,65.98
ADP,BID,2016-04-01 09:25:22.165,87.03
DGX,ASK,2016-04-01 09:25:22.415,72.58
VRTX,ASK,2016-04-01 09:25:22.415,80.99
ORCL,BID,2016-04-01 09:25:22.415,40.51
USB,ASK,2016-04-01 09:25:22.665,41.09
DGX,ASK,2016-04-01 09:25:22.916,71.75
FCX,BID,2016-04-01 09:25:22.916,9.96
CXO,BID,2016-04-01 09:25:22.916,94.62
GGP,ASK,2016-04-01 09:25:22.916,31.5
ORCL,BID,2016-04-01 09:25:22.916,40.61
TJX,BID,2016-04-01 09:25:22.917,76.92
FLIR,ASK,2016-04-01 09:25:23.166,33.49
CMG,ASK,2016-04-01 09:25:23.166,458.1
USB,ASK,2016-04-01 09:25:23.166,40.76
FCX,BID,2016-04-01 09:25:23.416,9.94
XEC,ASK,2016-04-01 09:25:23.417,101.29
TJX,BID,2016-04-01 09:25:23.417,77.04
CMG,BID,2016-04-01 09:25:23.667,450.78
KMB,ASK,2016-04-01 09:25:23.667,136.73
CXO,BID,2016-04-01 09:25:23.917,94.63
XEC,ASK,2016-04-01 09:25:23.917,99.51
BXLT,BID,2016-04-01 09:25:24.167,40.2
CPB,ASK,2016-04-01 09:25:24.168,65.97
KMB,ASK,2016-04-01 09:25:24.168,135.46
XEC,BID,2016-04-01 09:25:24.418,93.16
CBS,ASK,2016-04-01 09:25:24.668,55.73
WMB,ASK,2016-04-01 09:25:24.668,15.98
LNC,ASK,2016-04-01 09:25:24.669,39.54
FOX,BID,2016-04-01 09:25:24.669,27.41
BAC,TRADE,2016-04-01 09:25:24.989,13.51
CXO,BID,2016-04-01 09:25:24.990,94.65
CMG,TRADE,2016-04-01 09:25:25.169,458.1
CBS,ASK,2016-04-01 09:25:25.170,55.11
VZ,BID,2016-04-01 09:25:25.170,53.39
WMB,ASK,2016-04-01 09:25:25.170,15.83
NSC,ASK,2016-04-01 09:25:25.170,84.25
DE,ASK,2016-04-01 09:25:25.170,77.5
AKAM,ASK,2016-04-01 09:25:25.170,55.99
AWK,ASK,2016-04-01 09:25:25.170,70.08
HSY,ASK,2016-04-01 09:25:25.419,92.41
TROW,BID,2016-04-01 09:25:25.670,71.47
NSC,ASK,2016-04-01 09:25:25.671,83.28
LLTC,BID,2016-04-01 09:25:25.671,41.66
DE,ASK,2016-04-01 09:25:25.671,76.96
MON,ASK,2016-04-01 09:25:25.671,88.2
AWK,ASK,2016-04-01 09:25:25.671,69.2
CXO,BID,2016-04-01 09:25:25.920,94.66
ESRX,ASK,2016-04-01 09:25:25.920,70.19
AVY,BID,2016-04-01 09:25:25.920,70.56
HAL,BID,2016-04-01 09:25:25.920,34.89
STJ,ASK,2016-04-01 09:25:25.920,55.79
CPB,ASK,2016-04-01 09:25:26.171,65.96
MAR,ASK,2016-04-01 09:25:26.171,67.05
MON,ASK,2016-04-01 09:25:26.171,87.88
AVY,BID,2016-04-01 09:25:26.421,70.4
HAL,BID,2016-04-01 09:25:26.421,34.77
OMC,ASK,2016-04-01 09:25:26.421,87.11
STJ,ASK,2016-04-01 09:25:26.421,55.08
EMR,BID,2016-04-01 09:25:26.671,52.35
BWA,ASK,2016-04-01 09:25:26.671,40.02
HRL,ASK,2016-04-01 09:25:26.922,43.92
CXO,BID,2016-04-01 09:25:26.922,94.68
AVY,BID,2016-04-01 09:25:26.924,70.97
PSX,BID,2016-04-01 09:25:26.924,85.08
LLL,ASK,2016-04-01 09:25:27.172,120.27
MHK,BID,2016-04-01 09:25:27.172,187.17
BWA,ASK,2016-04-01 09:25:27.173,38.7
CF,ASK,2016-04-01 09:25:27.173,31.73
TXT,BID,2016-04-01 09:25:27.173,35.85
HRL,ASK,2016-04-01 09:25:27.422,43.43
LLL,ASK,2016-04-01 09:25:27.673,119.02
MHK,BID,2016-04-01 09:25:27.673,187.88
COL,BID,2016-04-01 09:25:27.673,90.45
LUV,BID,2016-04-01 09:25:27.673,44.05
CF,ASK,2016-04-01 09:25:27.673,31.57
BK,ASK,2016-04-01 09:25:27.674,37.29
CXO,BID,2016-04-01 09:25:27.923,94.69
PSX,BID,2016-04-01 09:25:27.923,85.41
TXT,BID,2016-04-01 09:25:28.173,35.8
ETFC,ASK,2016-04-01 09:25:28.174,28.0
COL,BID,2016-04-01 09:25:28.174,90.75
BK,ASK,2016-04-01 09:25:28.424,36.95
NTRS,BID,2016-04-01 09:25:28.424,63.25
CLX,OPEN,2016-04-01 09:25:28.674,125.05
CLX,TRADE,2016-04-01 09:25:28.675,125.05
LUV,BID,2016-04-01 09:25:28.675,43.96
NTRS,BID,2016-04-01 09:25:28.925,63.15
CXO,BID,2016-04-01 09:25:28.925,94.71
CPB,ASK,2016-04-01 09:25:29.175,65.95
SPG,ASK,2016-04-01 09:25:29.175,231.23
ENDP,BID,2016-04-01 09:25:29.176,26.89
LRCX,ASK,2016-04-01 09:25:29.176,83.85
HAL,BID,2016-04-01 09:25:29.675,34.87
LRCX,ASK,2016-04-01 09:25:29.676,84.0
LUV,BID,2016-04-01 09:25:29.676,43.88
CXO,BID,2016-04-01 09:25:29.926,94.72
DAL,BID,2016-04-01 09:25:30.177,47.41
GE,BID,2016-04-01 09:25:30.177,31.55
GE,ASK,2016-04-01 09:25:30.177,31.57
HAL,BID,2016-04-01 09:25:30.677,34.9
BXLT,BID,2016-04-01 09:25:30.737,40.18
DAL,BID,2016-04-01 09:25:30.737,47.35
GE,ASK,2016-04-01 09:25:30.737,31.64
SLG,ASK,2016-04-01 09:25:30.928,98.98
CXO,BID,2016-04-01 09:25:30.928,94.74
GIS,ASK,2016-04-01 09:25:30.928,64.42
MAR,TRADE,2016-04-01 09:25:31.178,67.05
RTN,BID,2016-04-01 09:25:31.178,120.98
CPB,ASK,2016-04-01 09:25:31.178,65.94
YUM,ASK,2016-04-01 09:25:31.179,82.98
MAR,BID,2016-04-01 09:25:31.179,66.86
MAR,ASK,2016-04-01 09:25:31.179,67.16
CMG,ASK,2016-04-01 09:25:31.429,462.0
DIS,ASK,2016-04-01 09:25:31.429,98.8
TIF,ASK,2016-04-01 09:25:31.429,74.1
OMC,ASK,2016-04-01 09:25:31.429,87.1
GIS,BID,2016-04-01 09:25:31.429,62.64
PEG,ASK,2016-04-01 09:25:31.429,47.6
KMB,ASK,2016-04-01 09:25:31.430,136.73
MAR,BID,2016-04-01 09:25:31.678,66.85
YUM,BID,2016-04-01 09:25:31.678,81.0
BXLT,TRADE,2016-04-01 09:25:31.929,40.19
CXO,BID,2016-04-01 09:25:31.929,94.75
GIS,ASK,2016-04-01 09:25:31.929,63.58
RTN,BID,2016-04-01 09:25:31.929,120.73
PEG,BID,2016-04-01 09:25:31.929,46.61
BXLT,BID,2016-04-01 09:25:31.930,40.19
KMB,ASK,2016-04-01 09:25:32.179,134.9
PFE,ASK,2016-04-01 09:25:32.179,29.6
YUM,ASK,2016-04-01 09:25:32.179,81.69
NTRS,ASK,2016-04-01 09:25:32.429,69.41
BAX,BID,2016-04-01 09:25:32.429,40.33
PEG,BID,2016-04-01 09:25:32.429,46.63
PEG,ASK,2016-04-01 09:25:32.429,47.34
NBL,BID,2016-04-01 09:25:32.430,27.66
KMB,BID,2016-04-01 09:25:32.680,133.06
CXO,BID,2016-04-01 09:25:32.930,94.76
WU,ASK,2016-04-01 09:25:32.930,19.56
RTN,BID,2016-04-01 09:25:32.930,120.59
CHK,TRADE,2016-04-01 09:25:33.181,3.95
NTAP,ASK,2016-04-01 09:25:33.181,27.78
CPB,ASK,2016-04-01 09:25:33.181,65.93
CHK,BID,2016-04-01 09:25:33.181,3.94
CHK,ASK,2016-04-01 09:25:33.181,3.97
CLX,TRADE,2016-04-01 09:25:33.431,125.04
WU,ASK,2016-04-01 09:25:33.431,19.34
CLX,BID,2016-04-01 09:25:33.431,124.77
NTAP,ASK,2016-04-01 09:25:33.567,27.77
CHK,ASK,2016-04-01 09:25:33.817,3.95
CXO,BID,2016-04-01 09:25:33.817,94.78
DOV,BID,2016-04-01 09:25:34.068,61.66
VAR,BID,2016-04-01 09:25:34.304,78.75
MCO,ASK,2016-04-01 09:25:34.555,97.78
SPLS,ASK,2016-04-01 09:25:34.555,11.32
DOV,BID,2016-04-01 09:25:34.555,61.65
VAR,BID,2016-04-01 09:25:34.805,79.03
CXO,BID,2016-04-01 09:25:34.805,94.79
MCO,ASK,2016-04-01 09:25:35.126,96.55
CPB,ASK,2016-04-01 09:25:35.126,65.92
PWR,ASK,2016-04-01 09:25:35.126,22.86
ROST,ASK,2016-04-01 09:25:35.306,58.31
OMC,ASK,2016-04-01 09:25:35.306,87.09
NBL,BID,2016-04-01 09:25:35.556,27.67
PDCO,ASK,2016-04-01 09:25:35.556,51.06
PWR,ASK,2016-04-01 09:25:35.807,22.57
ROST,ASK,2016-04-01 09:25:35.807,58.33
CXO,BID,2016-04-01 09:25:35.807,94.8
NEE,ASK,2016-04-01 09:25:35.807,120.0
BAC,TRADE,2016-04-01 09:25:36.057,13.5
COP,BID,2016-04-01 09:25:36.057,39.45
INTU,ASK,2016-04-01 09:25:36.057,104.28
SPLS,ASK,2016-04-01 09:25:36.558,11.07
NEE,ASK,2016-04-01 09:25:36.558,119.08
CMCSA,BID,2016-04-01 09:25:36.558,59.78
F,BID,2016-04-01 09:25:36.558,13.28
INTU,ASK,2016-04-01 09:25:36.558,104.3
FB,TRADE,2016-04-01 09:25:36.808,113.45
FB,ASK,2016-04-01 09:25:36.808,113.54
CXO,BID,2016-04-01 09:25:36.808,94.82
SNI,BID,2016-04-01 09:25:37.059,61.55
HAR,ASK,2016-04-01 09:25:37.059,91.03
WYNN,BID,2016-04-01 09:25:37.309,91.65
NTAP,ASK,2016-04-01 09:25:37.559,27.76
NBL,BID,2016-04-01 09:25:37.559,27.68
HAR,ASK,2016-04-01 09:25:37.809,89.5
CXO,BID,2016-04-01 09:25:37.809,94.83
KMI,ASK,2016-04-01 09:25:37.810,17.8
SNI,BID,2016-04-01 09:25:38.060,61.34
CPB,ASK,2016-04-01 09:25:38.060,65.91
EMC,ASK,2016-04-01 09:25:38.310,26.67
EOG,ASK,2016-04-01 09:25:38.311,71.8
KMI,ASK,2016-04-01 09:25:38.311,17.76
VTR,BID,2016-04-01 09:25:38.561,61.13
CBS,ASK,2016-04-01 09:25:38.561,55.73
CXO,BID,2016-04-01 09:25:38.811,94.84
CVX,TRADE,2016-04-01 09:25:39.062,93.83
SNI,BID,2016-04-01 09:25:39.062,61.13
CBS,BID,2016-04-01 09:25:39.062,54.23
CVS,ASK,2016-04-01 09:25:39.062,105.0
DLTR,ASK,2016-04-01 09:25:39.311,83.04
CVX,BID,2016-04-01 09:25:39.562,93.6
CBS,BID,2016-04-01 09:25:39.563,54.26
CBS,ASK,2016-04-01 09:25:39.563,55.04
NBL,BID,2016-04-01 09:25:39.563,27.69
DO,BID,2016-04-01 09:25:39.563,19.85
CVS,ASK,2016-04-01 09:25:39.563,104.02
GPC,ASK,2016-04-01 09:25:39.564,101.28
CBG,BID,2016-04-01 09:25:39.564,27.2
BAC,TRADE,2016-04-01 09:25:39.813,13.51
FFIV,ASK,2016-04-01 09:25:39.813,110.93
PX,ASK,2016-04-01 09:25:39.813,116.0
HBI,ASK,2016-04-01 09:25:39.814,28.98
CXO,BID,2016-04-01 09:25:39.814,94.86
PAYX,BID,2016-04-01 09:25:40.063,50.97
SNI,BID,2016-04-01 09:25:40.063,60.92
CPB,ASK,2016-04-01 09:25:40.063,65.9
GPC,ASK,2016-04-01 09:25:40.063,99.55
PX,ASK,2016-04-01 09:25:40.313,114.81
BWA,ASK,2016-04-01 09:25:40.313,40.02
CBG,BID,2016-04-01 09:25:40.314,27.19
CLX,BID,2016-04-01 09:25:40.314,124.75
NTAP,ASK,2016-04-01 09:25:40.564,27.75
IVZ,ASK,2016-04-01 09:25:40.564,31.01
FLS,ASK,2016-04-01 09:25:40.814,46.3
LB,BID,2016-04-01 09:25:40.814,86.24
BWA,ASK,2016-04-01 09:25:40.815,38.95
CXO,BID,2016-04-01 09:25:40.815,94.87
AIV,BID,2016-04-01 09:25:40.816,38.0
SNI,BID,2016-04-01 09:25:41.064,60.71
LB,BID,2016-04-01 09:25:41.314,86.67
ANTM,BID,2016-04-01 09:25:41.315,136.51
FLS,ASK,2016-04-01 09:25:41.315,44.32
OMC,ASK,2016-04-01 09:25:41.315,87.08
SE,ASK,2016-04-01 09:25:41.815,31.04
CTXS,ASK,2016-04-01 09:25:41.815,79.48
CXO,BID,2016-04-01 09:25:41.816,94.88
MDLZ,BID,2016-04-01 09:25:41.816,39.58
ANTM,BID,2016-04-01 09:25:41.816,137.03
ENDP,BID,2016-04-01 09:25:41.816,27.17
VRSN,ASK,2016-04-01 09:25:41.816,89.81
SNI,BID,2016-04-01 09:25:42.065,61.13
SPLS,ASK,2016-04-01 09:25:42.068,11.32
DLTR,ASK,2016-04-01 09:25:42.068,83.78
SE,ASK,2016-04-01 09:25:42.316,30.41
CTXS,ASK,2016-04-01 09:25:42.316,80.26
CHRW,BID,2016-04-01 09:25:42.316,69.84
WHR,ASK,2016-04-01 09:25:42.316,182.0
VTR,ASK,2016-04-01 09:25:42.566,64.11
NBL,BID,2016-04-01 09:25:42.566,27.7
EQR,BID,2016-04-01 09:25:42.566,72.82
CXO,BID,2016-04-01 09:25:42.816,94.89
WHR,ASK,2016-04-01 09:25:42.817,180.45
SNI,BID,2016-04-01 09:25:42.887,60.92
IP,ASK,2016-04-01 09:25:42.957,41.49
CPB,ASK,2016-04-01 09:25:43.190,65.89
HP,ASK,2016-04-01 09:25:43.190,59.06
MJN,BID,2016-04-01 09:25:43.190,82.86
CMCSA,BID,2016-04-01 09:25:43.190,59.9
EQR,BID,2016-04-01 09:25:43.441,72.8
NTAP,ASK,2016-04-01 09:25:43.441,27.74
IP,ASK,2016-04-01 09:25:43.691,41.09
HP,ASK,2016-04-01 09:25:43.692,58.13
CXO,BID,2016-04-01 09:25:43.837,94.9
SNI,BID,2016-04-01 09:25:43.907,60.71
WU,ASK,2016-04-01 09:25:44.194,19.56
MHFI,BID,2016-04-01 09:25:44.195,95.49
R,BID,2016-04-01 09:25:44.445,59.5
WU,ASK,2016-04-01 09:25:44.695,19.3
AAL,ASK,2016-04-01 09:25:44.695,40.2
MHFI,BID,2016-04-01 09:25:44.696,95.28
MO,BID,2016-04-01 09:25:45.016,62.18
CXO,BID,2016-04-01 09:25:45.016,94.92
R,BID,2016-04-01 09:25:45.016,59.26
SNI,BID,2016-04-01 09:25:45.017,60.62
CPB,ASK,2016-04-01 09:25:45.197,65.88
BXLT,BID,2016-04-01 09:25:45.197,40.09
ESRX,ASK,2016-04-01 09:25:45.197,69.6
MHFI,BID,2016-04-01 09:25:45.197,97.58
CTL,ASK,2016-04-01 09:25:45.197,32.47
NBL,BID,2016-04-01 09:25:45.446,27.71
BXLT,BID,2016-04-01 09:25:45.697,40.18
NEM,ASK,2016-04-01 09:25:45.697,26.42
CTL,ASK,2016-04-01 09:25:45.698,32.1
CXO,BID,2016-04-01 09:25:45.947,94.93
R,BID,2016-04-01 09:25:45.948,59.25
RF,BID,2016-04-01 09:25:45.948,7.71
PM,BID,2016-04-01 09:25:45.949,97.19
SNI,BID,2016-04-01 09:25:45.949,61.76
NEM,ASK,2016-04-01 09:25:46.197,26.18
OMC,ASK,2016-04-01 09:25:46.385,87.07
PM,BID,2016-04-01 09:25:46.636,97.3
SNA,BID,2016-04-01 09:25:46.636,154.38
SNA,ASK,2016-04-01 09:25:46.636,160.5
AWK,BID,2016-04-01 09:25:46.637,68.35
MAC,ASK,2016-04-01 09:25:46.706,83.01
BK,ASK,2016-04-01 09:25:46.859,37.29
CXO,BID,2016-04-01 09:25:46.859,94.94
SNA,BID,2016-04-01 09:25:47.125,154.05
AWK,BID,2016-04-01 09:25:47.126,68.37
WRK,ASK,2016-04-01 09:25:47.126,39.53
BK,ASK,2016-04-01 09:25:47.376,36.9
CMCSA,BID,2016-04-01 09:25:47.376,59.78
NTAP,ASK,2016-04-01 09:25:47.626,27.73
NBL,BID,2016-04-01 09:25:47.626,27.72
ECL,ASK,2016-04-01 09:25:47.626,113.18
ZION,ASK,2016-04-01 09:25:47.627,25.79
WRK,ASK,2016-04-01 09:25:47.876,38.9
CXO,BID,2016-04-01 09:25:47.877,94.95
SNA,BID,2016-04-01 09:25:47.877,153.72
CPB,ASK,2016-04-01 09:25:48.169,65.87
ECL,ASK,2016-04-01 09:25:48.170,111.47
CXO,BID,2016-04-01 09:25:48.921,94.96
BLL,ASK,2016-04-01 09:25:48.921,72.49
SNA,BID,2016-04-01 09:25:48.921,153.39
LRCX,ASK,2016-04-01 09:25:49.171,83.85
SLG,ASK,2016-04-01 09:25:49.421,99.26
BLL,ASK,2016-04-01 09:25:49.421,72.48
LRCX,ASK,2016-04-01 09:25:49.672,84.0
ITW,BID,2016-04-01 09:25:49.672,100.85
CXO,BID,2016-04-01 09:25:49.922,94.97
BLL,ASK,2016-04-01 09:25:49.922,71.74
SNA,BID,2016-04-01 09:25:49.922,153.06
HOT,BID,2016-04-01 09:25:49.922,79.5
JPM,BID,2016-04-01 09:25:50.172,58.76
ITW,BID,2016-04-01 09:25:50.172,101.14
WHR,ASK,2016-04-01 09:25:50.422,182.0
NBL,BID,2016-04-01 09:25:50.423,27.73
ENDP,ASK,2016-04-01 09:25:50.673,27.5
JPM,BID,2016-04-01 09:25:50.673,58.68
GS,BID,2016-04-01 09:25:50.673,155.44
MCK,BID,2016-04-01 09:25:50.673,154.95
CXO,BID,2016-04-01 09:25:50.923,94.99
WHR,ASK,2016-04-01 09:25:50.923,180.59
SNA,BID,2016-04-01 09:25:50.923,152.73
ENDP,BID,2016-04-01 09:25:51.173,26.93
CPB,ASK,2016-04-01 09:25:51.174,65.86
XEC,ASK,2016-04-01 09:25:51.174,101.22
CMCSA,BID,2016-04-01 09:25:51.424,59.8
SHW,ASK,2016-04-01 09:25:51.424,304.72
DISCA,BID,2016-04-01 09:25:51.424,27.88
PSX,ASK,2016-04-01 09:25:51.424,87.68
BAC,BID,2016-04-01 09:25:51.424,13.49
NTAP,ASK,2016-04-01 09:25:51.424,27.72
GS,BID,2016-04-01 09:25:51.674,155.18
XEC,BID,2016-04-01 09:25:51.674,93.35
XEC,ASK,2016-04-01 09:25:51.674,101.73
MCK,BID,2016-04-01 09:25:51.675,154.45
BLK,ASK,2016-04-01 09:25:51.675,339.88
CXO,BID,2016-04-01 09:25:51.924,95.0
SHW,ASK,2016-04-01 09:25:51.925,285.45
SNA,BID,2016-04-01 09:25:51.925,152.4
BAC,BID,2016-04-01 09:25:51.925,13.5
PSX,ASK,2016-04-01 09:25:51.926,86.5
AMG,ASK,2016-04-01 09:25:52.175,-1.0
XEC,BID,2016-04-01 09:25:52.175,93.0
XEC,ASK,2016-04-01 09:25:52.175,97.51
JPM,BID,2016-04-01 09:25:52.425,58.8
OMC,ASK,2016-04-01 09:25:52.425,87.06
SHW,BID,2016-04-01 09:25:52.425,272.0
NVDA,ASK,2016-04-01 09:25:52.675,35.76
DOV,BID,2016-04-01 09:25:52.675,61.51
AMG,ASK,2016-04-01 09:25:52.676,164.2
MCK,BID,2016-04-01 09:25:52.676,153.95
RAI,ASK,2016-04-01 09:25:52.676,50.78
CXO,BID,2016-04-01 09:25:52.925,95.01
SNA,BID,2016-04-01 09:25:52.926,152.07
CPB,ASK,2016-04-01 09:25:53.176,65.85
NVDA,ASK,2016-04-01 09:25:53.176,36.01
SHW,BID,2016-04-01 09:25:53.176,280.64
BAX,BID,2016-04-01 09:25:53.426,40.31
DOV,BID,2016-04-01 09:25:53.426,61.47
NBL,BID,2016-04-01 09:25:53.427,27.74
BAC,BID,2016-04-01 09:25:53.676,13.49
NSC,ASK,2016-04-01 09:25:53.677,84.25
MCK,BID,2016-04-01 09:25:53.677,153.45
AVY,BID,2016-04-01 09:25:53.927,70.81
CXO,BID,2016-04-01 09:25:53.927,95.02
BAX,BID,2016-04-01 09:25:53.927,40.41
DGX,ASK,2016-04-01 09:25:53.927,72.58
SNA,BID,2016-04-01 09:25:53.928,151.74
BAC,BID,2016-04-01 09:25:54.177,13.5
NSC,ASK,2016-04-01 09:25:54.177,83.19
NTRS,BID,2016-04-01 09:25:54.427,62.95
CINF,ASK,2016-04-01 09:25:54.428,66.6
AVY,BID,2016-04-01 09:25:54.428,70.65
DGX,ASK,2016-04-01 09:25:54.428,71.7
PDCO,ASK,2016-04-01 09:25:54.677,51.39
MCK,BID,2016-04-01 09:25:54.678,153.38
NTRS,BID,2016-04-01 09:25:54.998,62.79
AVY,BID,2016-04-01 09:25:54.998,71.06
CXO,BID,2016-04-01 09:25:54.999,95.03
SNA,BID,2016-04-01 09:25:54.999,151.41
BBY,ASK,2016-04-01 09:25:54.999,32.88
T,ASK,2016-04-01 09:25:55.178,38.89
ROST,ASK,2016-04-01 09:25:55.181,58.31
NTAP,ASK,2016-04-01 09:25:55.428,27.71
BBY,ASK,2016-04-01 09:25:55.679,32.61
ROST,ASK,2016-04-01 09:25:55.679,58.33
VRSN,ASK,2016-04-01 09:25:55.929,89.01
CXO,BID,2016-04-01 09:25:55.930,95.04
NEE,ASK,2016-04-01 09:25:55.930,120.0
RHT,BID,2016-04-01 09:25:55.930,72.89
SNA,BID,2016-04-01 09:25:55.931,151.08
SNI,BID,2016-04-01 09:25:55.931,61.55
DLPH,ASK,2016-04-01 09:25:56.180,77.58
CPB,ASK,2016-04-01 09:25:56.180,65.84
INTU,ASK,2016-04-01 09:25:56.180,104.28
CA,BID,2016-04-01 09:25:56.180,29.9
BAC,BID,2016-04-01 09:25:56.180,13.49
VZ,BID,2016-04-01 09:25:56.430,53.34
VZ,ASK,2016-04-01 09:25:56.430,53.49
NEE,ASK,2016-04-01 09:25:56.430,118.99
RHT,BID,2016-04-01 09:25:56.430,73.27
NBL,BID,2016-04-01 09:25:56.430,27.75
DLPH,ASK,2016-04-01 09:25:56.680,76.16
INTU,ASK,2016-04-01 09:25:56.681,104.3
BAC,BID,2016-04-01 09:25:56.681,13.5
BXLT,ASK,2016-04-01 09:25:56.681,40.25
CXO,BID,2016-04-01 09:25:56.931,95.05
VZ,ASK,2016-04-01 09:25:56.931,53.65
SNA,BID,2016-04-01 09:25:56.931,150.75
SNI,BID,2016-04-01 09:25:56.931,61.34
HOT,TRADE,2016-04-01 09:25:57.432,79.5
HOT,BID,2016-04-01 09:25:57.432,79.21
VZ,BID,2016-04-01 09:25:57.432,53.32
EQR,BID,2016-04-01 09:25:57.432,72.64
VRTX,ASK,2016-04-01 09:25:57.682,82.0
DISCA,ASK,2016-04-01 09:25:57.682,32.33
CXO,BID,2016-04-01 09:25:57.932,95.06
SNA,BID,2016-04-01 09:25:57.932,150.42
SNI,BID,2016-04-01 09:25:57.932,61.13
MAT,ASK,2016-04-01 09:25:58.182,33.97
KSU,ASK,2016-04-01 09:25:58.182,86.47
VIAB,ASK,2016-04-01 09:25:58.433,40.7
VTR,ASK,2016-04-01 09:25:58.433,64.29
EQR,BID,2016-04-01 09:25:58.433,72.59
KSU,ASK,2016-04-01 09:25:58.684,85.59
CXO,BID,2016-04-01 09:25:58.933,95.07
SNA,BID,2016-04-01 09:25:58.934,150.09
SNI,BID,2016-04-01 09:25:58.934,60.92
WHR,BID,2016-04-01 09:25:58.934,178.1
CPB,ASK,2016-04-01 09:25:59.183,65.83
AKAM,ASK,2016-04-01 09:25:59.184,55.94
NTRS,ASK,2016-04-01 09:25:59.434,69.77
NFLX,BID,2016-04-01 09:25:59.434,102.27
OMC,ASK,2016-04-01 09:25:59.434,87.05
NTAP,ASK,2016-04-01 09:25:59.435,27.7
NBL,BID,2016-04-01 09:25:59.435,27.76
CXO,BID,2016-04-01 09:25:59.935,95.08
SNA,BID,2016-04-01 09:25:59.935,149.76
SNI,BID,2016-04-01 09:25:59.935,60.71
MA,OPEN,2016-04-01 09:26:00.186,93.85
MA,TRADE,2016-04-01 09:26:00.186,93.85
AAL,TRADE,2016-04-01 09:26:00.187,40.15
C,TRADE,2016-04-01 09:26:00.187,41.59
AAL,BID,2016-04-01 09:26:00.187,40.04
BXP,BID,2016-04-01 09:26:00.188,119.9
BXP,ASK,2016-04-01 09:26:00.188,130.59
CCL,ASK,2016-04-01 09:26:00.189,52.29
LLTC,BID,2016-04-01 09:26:00.189,41.76
MAT,ASK,2016-04-01 09:26:00.436,34.0
AAL,BID,2016-04-01 09:26:00.686,40.01
BXP,BID,2016-04-01 09:26:00.686,119.6
CCL,ASK,2016-04-01 09:26:00.686,52.61
MAC,ASK,2016-04-01 09:26:00.686,83.33
ENDP,TRADE,2016-04-01 09:26:00.937,27.5
CXO,BID,2016-04-01 09:26:00.937,95.09
SNA,BID,2016-04-01 09:26:00.937,149.43
SNI,BID,2016-04-01 09:26:00.937,60.5
CTXS,ASK,2016-04-01 09:26:01.186,79.48
DLTR,ASK,2016-04-01 09:26:01.187,83.04
XEL,BID,2016-04-01 09:26:01.437,41.38
NRG,ASK,2016-04-01 09:26:01.437,13.34
PPG,ASK,2016-04-01 09:26:01.437,112.45
UDR,BID,2016-04-01 09:26:01.437,37.08
UDR,ASK,2016-04-01 09:26:01.437,42.11
EMR,BID,2016-04-01 09:26:01.687,52.36
CTXS,ASK,2016-04-01 09:26:01.687,80.26
CXO,BID,2016-04-01 09:26:01.938,95.1
NRG,ASK,2016-04-01 09:26:01.938,13.11
SNA,BID,2016-04-01 09:26:01.938,149.1
SNI,BID,2016-04-01 09:26:01.938,60.29
PPG,ASK,2016-04-01 09:26:01.938,111.51
GE,BID,2016-04-01 09:26:01.938,31.52
NBL,BID,2016-04-01 09:26:02.438,27.77
BAC,TRADE,2016-04-01 09:26:02.689,13.5
BAC,BID,2016-04-01 09:26:02.689,13.49
CXO,BID,2016-04-01 09:26:02.939,95.11
SNA,BID,2016-04-01 09:26:02.939,148.77
SNI,BID,2016-04-01 09:26:02.939,60.23
CPB,ASK,2016-04-01 09:26:03.189,65.82
BAC,BID,2016-04-01 09:26:03.189,13.5
CMCSA,BID,2016-04-01 09:26:03.441,59.75
VNO,BID,2016-04-01 09:26:03.441,89.13
VNO,ASK,2016-04-01 09:26:03.441,99.86
NTAP,ASK,2016-04-01 09:26:03.441,27.69
FOXA,BID,2016-04-01 09:26:03.441,27.36
CXO,BID,2016-04-01 09:26:03.940,95.12
SNA,BID,2016-04-01 09:26:03.941,148.44
VNO,BID,2016-04-01 09:26:04.191,88.78
CMCSA,BID,2016-04-01 09:26:04.192,59.76
CVX,BID,2016-04-01 09:26:04.441,93.5
MDLZ,BID,2016-04-01 09:26:04.441,39.5
BHI,BID,2016-04-01 09:26:04.442,42.51
FOXA,BID,2016-04-01 09:26:04.442,27.3
DRI,ASK,2016-04-01 09:26:04.691,67.0
CXO,BID,2016-04-01 09:26:05.012,95.13
CSX,BID,2016-04-01 09:26:05.012,25.09
MDLZ,BID,2016-04-01 09:26:05.012,39.42
SNA,BID,2016-04-01 09:26:05.012,148.11
SPLS,ASK,2016-04-01 09:26:05.013,11.07
TXN,BID,2016-04-01 09:26:05.192,56.05
CSCO,ASK,2016-04-01 09:26:05.192,28.37
DRI,ASK,2016-04-01 09:26:05.192,66.58
FISV,ASK,2016-04-01 09:26:05.192,102.99
FOXA,BID,2016-04-01 09:26:05.442,27.24
TXN,ASK,2016-04-01 09:26:05.692,58.36
CSCO,ASK,2016-04-01 09:26:05.693,28.4
WDC,BID,2016-04-01 09:26:05.693,46.2
LVLT,ASK,2016-04-01 09:26:05.693,53.1
MDLZ,BID,2016-04-01 09:26:05.693,39.34
CXO,BID,2016-04-01 09:26:05.943,95.14
SNA,BID,2016-04-01 09:26:05.943,147.78
TXN,BID,2016-04-01 09:26:06.193,55.93
TXN,ASK,2016-04-01 09:26:06.193,58.31
CPB,ASK,2016-04-01 09:26:06.194,65.81
BK,BID,2016-04-01 09:26:06.194,36.23
LVLT,ASK,2016-04-01 09:26:06.194,52.79
AIV,ASK,2016-04-01 09:26:06.443,42.68
OMC,ASK,2016-04-01 09:26:06.444,87.04
FOXA,BID,2016-04-01 09:26:06.444,27.18
NBL,BID,2016-04-01 09:26:06.444,27.78
BAC,BID,2016-04-01 09:26:06.444,13.49
MAT,BID,2016-04-01 09:26:06.694,32.3
MDLZ,BID,2016-04-01 09:26:06.695,39.28
CXO,BID,2016-04-01 09:26:06.768,95.15
BAC,TRADE,2016-04-01 09:26:07.046,13.49
SNA,BID,2016-04-01 09:26:07.046,147.45
BAC,BID,2016-04-01 09:26:07.047,13.5
TXN,BID,2016-04-01 09:26:07.047,55.81
BAC,TRADE,2016-04-01 09:26:07.545,13.5
FOXA,BID,2016-04-01 09:26:07.546,27.16
TXN,ASK,2016-04-01 09:26:07.546,58.25
ENDP,BID,2016-04-01 09:26:07.795,27.01
CXO,BID,2016-04-01 09:26:07.796,95.16
SNA,BID,2016-04-01 09:26:08.046,135.0
FOXA,ASK,2016-04-01 09:26:08.047,27.94
STX,BID,2016-04-01 09:26:08.047,33.34
TXN,BID,2016-04-01 09:26:08.047,55.69
TXN,ASK,2016-04-01 09:26:08.047,58.2
WDC,BID,2016-04-01 09:26:08.048,46.0
NVDA,ASK,2016-04-01 09:26:08.296,35.76
ESRX,ASK,2016-04-01 09:26:08.296,70.38
DFS,BID,2016-04-01 09:26:08.546,48.88
EA,BID,2016-04-01 09:26:08.547,64.57
BAC,BID,2016-04-01 09:26:08.547,13.48
NTAP,ASK,2016-04-01 09:26:08.547,27.68
CXO,BID,2016-04-01 09:26:08.797,95.17
BAC,BID,2016-04-01 09:26:09.047,13.5
TXN,BID,2016-04-01 09:26:09.048,55.57
CPB,ASK,2016-04-01 09:26:09.048,65.8
LRCX,ASK,2016-04-01 09:26:09.297,83.85
GRMN,ASK,2016-04-01 09:26:09.298,40.73
DLTR,ASK,2016-04-01 09:26:09.298,83.78
DFS,BID,2016-04-01 09:26:09.548,48.77
EA,BID,2016-04-01 09:26:09.548,64.41
NBL,BID,2016-04-01 09:26:09.548,27.79
DO,BID,2016-04-01 09:26:09.549,19.75
AAP,BID,2016-04-01 09:26:09.549,158.8
AAP,ASK,2016-04-01 09:26:09.549,160.64
GPC,ASK,2016-04-01 09:26:09.549,99.53
AET,BID,2016-04-01 09:26:09.801,110.55
CCE,ASK,2016-04-01 09:26:09.801,50.9
LRCX,ASK,2016-04-01 09:26:09.802,84.0
ICE,BID,2016-04-01 09:26:09.803,233.21
KMB,ASK,2016-04-01 09:26:09.804,134.89
CMA,ASK,2016-04-01 09:26:09.804,37.83
FMC,BID,2016-04-01 09:26:09.805,39.61
SYY,BID,2016-04-01 09:26:09.805,46.29
NI,ASK,2016-04-01 09:26:09.806,23.66
NSC,BID,2016-04-01 09:26:09.806,82.35
CXO,BID,2016-04-01 09:26:09.806,95.18
TXN,BID,2016-04-01 09:26:10.049,55.45
EW,BID,2016-04-01 09:26:10.307,87.14
MDLZ,BID,2016-04-01 09:26:10.307,39.37
CI,BID,2016-04-01 09:26:10.372,135.57
CI,ASK,2016-04-01 09:26:10.372,139.25
AET,BID,2016-04-01 09:26:10.372,110.27
ANTM,BID,2016-04-01 09:26:10.372,136.74
ANTM,ASK,2016-04-01 09:26:10.372,140.89
UNH,BID,2016-04-01 09:26:10.373,127.25
TWC,BID,2016-04-01 09:26:10.373,189.25
TWX,BID,2016-04-01 09:26:10.373,71.47
TWX,ASK,2016-04-01 09:26:10.373,73.51
DFS,BID,2016-04-01 09:26:10.550,48.76
EA,BID,2016-04-01 09:26:10.550,64.38
GPS,BID,2016-04-01 09:26:10.550,28.87
SJM,BID,2016-04-01 09:26:10.551,128.59
PFG,BID,2016-04-01 09:26:10.551,38.93
LEN,BID,2016-04-01 09:26:10.551,47.62
AKAM,BID,2016-04-01 09:26:10.552,54.9
LLL,BID,2016-04-01 09:26:10.801,117.38
LH,BID,2016-04-01 09:26:10.801,115.71
ZBH,BID,2016-04-01 09:26:10.801,105.7
GME,BID,2016-04-01 09:26:10.802,31.28
DTE,BID,2016-04-01 09:26:10.802,89.85
EW,BID,2016-04-01 09:26:10.803,86.92
CMS,BID,2016-04-01 09:26:10.803,42.05
COH,BID,2016-04-01 09:26:10.804,39.41
COL,BID,2016-04-01 09:26:10.804,90.76
PRGO,BID,2016-04-01 09:26:10.804,126.36
AVY,BID,2016-04-01 09:26:10.806,71.09
FOXA,ASK,2016-04-01 09:26:10.806,28.25
MKC,BID,2016-04-01 09:26:10.806,98.62
WM,BID,2016-04-01 09:26:10.808,58.57
UHS,BID,2016-04-01 09:26:10.808,123.2
RL,BID,2016-04-01 09:26:10.809,95.2
CVS,BID,2016-04-01 09:26:10.809,102.64
MNK,BID,2016-04-01 09:26:10.809,59.75
TYC,BID,2016-04-01 09:26:10.810,36.21
CB,BID,2016-04-01 09:26:10.811,118.05
IPG,BID,2016-04-01 09:26:10.811,22.71
IP,BID,2016-04-01 09:26:10.811,40.61
BDX,BID,2016-04-01 09:26:10.812,150.4
CA,BID,2016-04-01 09:26:10.812,29.91
EL,BID,2016-04-01 09:26:10.812,93.43
CBS,BID,2016-04-01 09:26:10.813,54.27
CCL,BID,2016-04-01 09:26:10.813,52.13
ITW,BID,2016-04-01 09:26:10.813,101.18
XL,BID,2016-04-01 09:26:10.814,36.39
PBI,BID,2016-04-01 09:26:10.814,21.2
NEE,BID,2016-04-01 09:26:10.814,117.48
JNPR,BID,2016-04-01 09:26:10.814,25.28
HUM,BID,2016-04-01 09:26:10.815,180.5
CI,BID,2016-04-01 09:26:10.815,135.87
CI,ASK,2016-04-01 09:26:10.815,137.48
DPS,BID,2016-04-01 09:26:10.816,88.48
ANTM,BID,2016-04-01 09:26:10.816,137.23
TWC,BID,2016-04-01 09:26:10.816,202.67
TWX,BID,2016-04-01 09:26:10.816,71.62
AET,BID,2016-04-01 09:26:11.050,110.55
SRE,BID,2016-04-01 09:26:11.051,102.96
UNH,BID,2016-04-01 09:26:11.051,127.44
TXN,BID,2016-04-01 09:26:11.052,55.34
GME,ASK,2016-04-01 09:26:11.301,32.5
AON,ASK,2016-04-01 09:26:11.301,106.0
DG,BID,2016-04-01 09:26:11.302,84.65
HUM,BID,2016-04-01 09:26:11.302,181.26
NFX,ASK,2016-04-01 09:26:11.302,33.61
ANTM,ASK,2016-04-01 09:26:11.622,139.64
TWX,ASK,2016-04-01 09:26:11.622,72.39
ETN,BID,2016-04-01 09:26:11.623,61.38
ZTS,BID,2016-04-01 09:26:11.623,43.82
EW,BID,2016-04-01 09:26:11.623,86.7
FDX,ASK,2016-04-01 09:26:11.623,163.1
HSY,BID,2016-04-01 09:26:11.623,91.06
EL,ASK,2016-04-01 09:26:11.802,95.69
HAL,ASK,2016-04-01 09:26:11.802,35.96
MCHP,BID,2016-04-01 09:26:11.802,43.88
AON,ASK,2016-04-01 09:26:11.802,104.49
CXO,BID,2016-04-01 09:26:11.802,95.19
NFX,ASK,2016-04-01 09:26:11.803,33.83
DPS,ASK,2016-04-01 09:26:12.053,90.86
TXN,BID,2016-04-01 09:26:12.053,55.24
XLNX,BID,2016-04-01 09:26:12.053,46.32
TAP,BID,2016-04-01 09:26:12.053,94.91
AEP,BID,2016-04-01 09:26:12.303,64.02
DISCA,ASK,2016-04-01 09:26:12.303,32.3
VRSN,ASK,2016-04-01 09:26:12.304,89.81
AMP,BID,2016-04-01 09:26:12.304,92.66
NRG,ASK,2016-04-01 09:26:12.304,13.3
CL,ASK,2016-04-01 09:26:12.304,70.74
KMI,ASK,2016-04-01 09:26:12.304,17.67
DRI,ASK,2016-04-01 09:26:12.304,66.76
EL,ASK,2016-04-01 09:26:12.304,94.6
COH,ASK,2016-04-01 09:26:12.305,40.07
UNP,ASK,2016-04-01 09:26:12.305,80.54
CSX,BID,2016-04-01 09:26:12.305,25.03
AON,BID,2016-04-01 09:26:12.305,103.5
ENDP,BID,2016-04-01 09:26:12.305,26.77
ADP,BID,2016-04-01 09:26:12.305,86.81
TRIP,ASK,2016-04-01 09:26:12.306,66.44
NTAP,ASK,2016-04-01 09:26:12.306,27.67
SCHW,ASK,2016-04-01 09:26:12.306,27.99
NFX,ASK,2016-04-01 09:26:12.306,33.21
CMCSA,BID,2016-04-01 09:26:12.306,59.75
MDLZ,BID,2016-04-01 09:26:12.306,39.28
AWK,ASK,2016-04-01 09:26:12.554,69.17
ETN,BID,2016-04-01 09:26:12.554,61.25
EW,BID,2016-04-01 09:26:12.555,86.48
DE,ASK,2016-04-01 09:26:12.555,76.95
MLM,ASK,2016-04-01 09:26:12.555,158.97
MMM,ASK,2016-04-01 09:26:12.555,167.06
MNK,ASK,2016-04-01 09:26:12.555,61.38
PKI,ASK,2016-04-01 09:26:12.556,49.64
TXN,BID,2016-04-01 09:26:12.556,55.22
STT,ASK,2016-04-01 09:26:12.556,58.58
GIS,BID,2016-04-01 09:26:12.556,62.51
MON,ASK,2016-04-01 09:26:12.556,87.85
CF,ASK,2016-04-01 09:26:12.557,31.44
BEN,ASK,2016-04-01 09:26:12.557,39.02
ROK,ASK,2016-04-01 09:26:12.557,113.66
DGX,ASK,2016-04-01 09:26:12.557,71.62
UPS,ASK,2016-04-01 09:26:12.803,105.68
CBG,BID,2016-04-01 09:26:12.804,27.11
TEL,ASK,2016-04-01 09:26:12.804,61.95
KMX,ASK,2016-04-01 09:26:12.804,50.98
DISCA,BID,2016-04-01 09:26:12.805,27.82
HAL,ASK,2016-04-01 09:26:12.805,35.22
MAT,BID,2016-04-01 09:26:12.806,32.23
KORS,ASK,2016-04-01 09:26:12.806,56.9
BLL,ASK,2016-04-01 09:26:12.806,72.36
BLK,ASK,2016-04-01 09:26:12.807,339.86
LLL,ASK,2016-04-01 09:26:12.807,118.96
LH,ASK,2016-04-01 09:26:12.808,117.46
ESRX,ASK,2016-04-01 09:26:12.808,69.6
APA,ASK,2016-04-01 09:26:12.808,48.17
CCL,BID,2016-04-01 09:26:12.809,52.15
UNP,ASK,2016-04-01 09:26:12.809,79.37
CSX,BID,2016-04-01 09:26:12.809,25.0
ENDP,BID,2016-04-01 09:26:12.810,26.55
PNW,ASK,2016-04-01 09:26:12.810,76.32
NRG,ASK,2016-04-01 09:26:12.810,13.18
NOC,ASK,2016-04-01 09:26:12.811,197.89
SE,ASK,2016-04-01 09:26:12.812,31.04
SIG,ASK,2016-04-01 09:26:12.813,123.81
XEC,ASK,2016-04-01 09:26:12.813,97.49
ZTS,ASK,2016-04-01 09:26:12.816,44.36
DPS,ASK,2016-04-01 09:26:12.817,89.86
PX,ASK,2016-04-01 09:26:12.817,114.77
BAX,ASK,2016-04-01 09:26:12.817,41.14
CXO,BID,2016-04-01 09:26:12.817,95.2
HIG,ASK,2016-04-01 09:26:12.818,46.09
RCL,ASK,2016-04-01 09:26:13.055,81.99
RHI,ASK,2016-04-01 09:26:13.055,46.59
JNPR,ASK,2016-04-01 09:26:13.055,25.64
STJ,ASK,2016-04-01 09:26:13.055,55.16
ETN,ASK,2016-04-01 09:26:13.055,62.57
WHR,ASK,2016-04-01 09:26:13.056,180.69
SYY,BID,2016-04-01 09:26:13.056,46.26
GIS,ASK,2016-04-01 09:26:13.056,63.57
TXN,BID,2016-04-01 09:26:13.056,55.1
CPB,ASK,2016-04-01 09:26:13.056,65.79
ED,ASK,2016-04-01 09:26:13.056,76.92
PEG,ASK,2016-04-01 09:26:13.056,47.32
CVX,ASK,2016-04-01 09:26:13.057,94.6
XLNX,BID,2016-04-01 09:26:13.057,46.23
CBG,ASK,2016-04-01 09:26:13.304,28.78
ADP,BID,2016-04-01 09:26:13.305,86.61
LRCX,ASK,2016-04-01 09:26:13.305,83.85
GME,BID,2016-04-01 09:26:13.305,30.91
BLL,ASK,2016-04-01 09:26:13.305,71.95
AMP,BID,2016-04-01 09:26:13.305,92.38
CAH,BID,2016-04-01 09:26:13.305,80.47
CB,ASK,2016-04-01 09:26:13.306,119.9
TEL,BID,2016-04-01 09:26:13.306,60.99
OXY,ASK,2016-04-01 09:26:13.306,67.76
CCL,BID,2016-04-01 09:26:13.306,52.13
BBBY,BID,2016-04-01 09:26:13.307,48.7
UNP,BID,2016-04-01 09:26:13.307,78.5
LNC,ASK,2016-04-01 09:26:13.307,39.81
SYF,ASK,2016-04-01 09:26:13.307,28.65
PPG,BID,2016-04-01 09:26:13.307,109.65
PNW,BID,2016-04-01 09:26:13.307,74.48
PNW,ASK,2016-04-01 09:26:13.307,75.26
NBL,ASK,2016-04-01 09:26:13.308,30.85
SE,ASK,2016-04-01 09:26:13.308,30.46
ROP,ASK,2016-04-01 09:26:13.308,183.38
IVZ,ASK,2016-04-01 09:26:13.308,31.04
OMC,ASK,2016-04-01 09:26:13.308,87.03
KORS,BID,2016-04-01 09:26:13.556,56.12
ETN,BID,2016-04-01 09:26:13.556,61.12
JWN,BID,2016-04-01 09:26:13.556,56.34
EW,BID,2016-04-01 09:26:13.556,86.26
NOC,BID,2016-04-01 09:26:13.556,196.1
MSFT,ASK,2016-04-01 09:26:13.556,55.05
RHI,BID,2016-04-01 09:26:13.557,45.98
EQT,ASK,2016-04-01 09:26:13.557,68.16
GIS,BID,2016-04-01 09:26:13.557,62.5
SYY,BID,2016-04-01 09:26:13.557,46.16
MU,TRADE,2016-04-01 09:26:13.806,10.34
CBG,BID,2016-04-01 09:26:13.806,27.08
LRCX,ASK,2016-04-01 09:26:13.806,84.0
MAT,BID,2016-04-01 09:26:13.806,32.16
MDLZ,BID,2016-04-01 09:26:13.806,39.24
MU,BID,2016-04-01 09:26:13.806,10.32
UPS,BID,2016-04-01 09:26:13.806,104.28
IP,ASK,2016-04-01 09:26:13.807,41.17
CXO,BID,2016-04-01 09:26:13.807,95.21
KORS,BID,2016-04-01 09:26:14.056,56.09
JWN,BID,2016-04-01 09:26:14.056,56.5
SJM,ASK,2016-04-01 09:26:14.056,130.39
EQT,ASK,2016-04-01 09:26:14.056,66.34
TXN,BID,2016-04-01 09:26:14.057,55.05
LB,BID,2016-04-01 09:26:14.057,86.76
UNP,BID,2016-04-01 09:26:14.057,78.49
SYY,BID,2016-04-01 09:26:14.057,46.14
BXP,BID,2016-04-01 09:26:14.306,118.96
BXP,ASK,2016-04-01 09:26:14.306,131.23
ADP,BID,2016-04-01 09:26:14.306,86.41
AMP,BID,2016-04-01 09:26:14.306,92.1
BBBY,BID,2016-04-01 09:26:14.306,48.59
MU,BID,2016-04-01 09:26:14.307,10.31
ETN,BID,2016-04-01 09:26:14.557,60.99
EW,BID,2016-04-01 09:26:14.558,86.17
KSU,ASK,2016-04-01 09:26:14.558,86.47
LNC,ASK,2016-04-01 09:26:14.558,39.79
IVZ,BID,2016-04-01 09:26:14.558,30.18
YUM,TRADE,2016-04-01 09:26:14.807,81.02
MAT,BID,2016-04-01 09:26:14.807,32.09
CXO,BID,2016-04-01 09:26:14.807,95.22
KSU,ASK,2016-04-01 09:26:15.127,85.69
ADP,BID,2016-04-01 09:26:15.307,86.21
AMP,BID,2016-04-01 09:26:15.308,91.82
ROST,ASK,2016-04-01 09:26:15.308,58.31
LRCX,ASK,2016-04-01 09:26:15.308,83.85
BBBY,BID,2016-04-01 09:26:15.309,48.51
CCE,BID,2016-04-01 09:26:15.309,49.91
ETN,BID,2016-04-01 09:26:15.558,60.86
NTAP,ASK,2016-04-01 09:26:15.558,27.66
FOX,BID,2016-04-01 09:26:15.559,27.34
UDR,ASK,2016-04-01 09:26:15.559,42.41
AKAM,BID,2016-04-01 09:26:15.559,54.77
IVZ,BID,2016-04-01 09:26:15.559,30.09
MAT,BID,2016-04-01 09:26:15.808,32.02
MA,BID,2016-04-01 09:26:15.808,93.37
ROST,ASK,2016-04-01 09:26:15.808,58.33
CXO,BID,2016-04-01 09:26:15.808,95.23
CPB,ASK,2016-04-01 09:26:16.058,65.78
GE,ASK,2016-04-01 09:26:16.059,31.54
XEL,BID,2016-04-01 09:26:16.059,41.28
YUM,TRADE,2016-04-01 09:26:16.309,81.0
ADP,BID,2016-04-01 09:26:16.356,86.01
AKAM,BID,2016-04-01 09:26:16.356,54.64
AMP,BID,2016-04-01 09:26:16.356,91.54
INTU,ASK,2016-04-01 09:26:16.356,104.28
BEN,BID,2016-04-01 09:26:16.356,38.11
HON,ASK,2016-04-01 09:26:16.356,113.51
SLG,ASK,2016-04-01 09:26:16.356,99.56
FOX,BID,2016-04-01 09:26:16.559,27.27
GE,ASK,2016-04-01 09:26:16.559,31.61
IVZ,BID,2016-04-01 09:26:16.559,30.0
MAT,BID,2016-04-01 09:26:16.809,32.01
YUM,BID,2016-04-01 09:26:16.809,80.85
INTU,ASK,2016-04-01 09:26:16.810,104.3
MA,BID,2016-04-01 09:26:16.810,93.18
CXO,BID,2016-04-01 09:26:16.810,95.24
XEL,BID,2016-04-01 09:26:17.059,41.18
ADP,BID,2016-04-01 09:26:17.310,85.81
AKAM,BID,2016-04-01 09:26:17.310,54.51
AMP,BID,2016-04-01 09:26:17.311,91.37
YUM,BID,2016-04-01 09:26:17.311,80.68
MHFI,BID,2016-04-01 09:26:17.311,97.37
VNO,BID,2016-04-01 09:26:17.313,88.14
VNO,ASK,2016-04-01 09:26:17.313,100.5
OMC,ASK,2016-04-01 09:26:17.313,87.02
FOX,BID,2016-04-01 09:26:17.560,27.2
EQR,BID,2016-04-01 09:26:17.560,72.51
IVZ,BID,2016-04-01 09:26:17.561,29.91
MDLZ,BID,2016-04-01 09:26:17.810,39.2
MA,BID,2016-04-01 09:26:17.810,92.99
MHFI,BID,2016-04-01 09:26:17.811,97.16
MSFT,ASK,2016-04-01 09:26:18.062,55.0
XEL,BID,2016-04-01 09:26:18.062,41.08
YUM,BID,2016-04-01 09:26:18.063,80.51
ADP,BID,2016-04-01 09:26:18.311,85.75
ACN,BID,2016-04-01 09:26:18.312,113.87
AKAM,BID,2016-04-01 09:26:18.312,54.49
MDLZ,BID,2016-04-01 09:26:18.312,39.29
CBG,ASK,2016-04-01 09:26:18.313,28.77
FOX,BID,2016-04-01 09:26:18.562,27.18
IVZ,BID,2016-04-01 09:26:18.562,29.87
AKAM,BID,2016-04-01 09:26:18.812,54.63
MA,BID,2016-04-01 09:26:18.812,92.8
MHFI,BID,2016-04-01 09:26:18.812,96.95
BAC,BID,2016-04-01 09:26:18.812,13.49
CXO,BID,2016-04-01 09:26:18.813,95.25
XEL,BID,2016-04-01 09:26:19.062,40.98
YUM,BID,2016-04-01 09:26:19.062,80.4
BAC,BID,2016-04-01 09:26:19.312,13.5
CMCSA,BID,2016-04-01 09:26:19.313,59.76
T,ASK,2016-04-01 09:26:19.313,38.79
EQT,ASK,2016-04-01 09:26:19.563,68.16
PX,ASK,2016-04-01 09:26:19.563,114.81
MA,BID,2016-04-01 09:26:19.813,92.61
ETN,ASK,2016-04-01 09:26:19.814,62.54
MHFI,BID,2016-04-01 09:26:19.814,96.74
MAC,ASK,2016-04-01 09:26:19.814,83.69
CXO,BID,2016-04-01 09:26:19.814,95.26
TXN,BID,2016-04-01 09:26:19.814,54.99
T,ASK,2016-04-01 09:26:19.814,38.85
EQT,ASK,2016-04-01 09:26:20.063,66.8
CPB,ASK,2016-04-01 09:26:20.064,65.77
XEL,BID,2016-04-01 09:26:20.064,40.88
VRTX,ASK,2016-04-01 09:26:20.314,80.97
PX,ASK,2016-04-01 09:26:20.314,114.72
VTR,ASK,2016-04-01 09:26:20.564,64.49
ETR,BID,2016-04-01 09:26:20.564,78.5
A,BID,2016-04-01 09:26:20.564,36.65
STT,BID,2016-04-01 09:26:20.565,52.54
K,BID,2016-04-01 09:26:20.565,75.07
OXY,BID,2016-04-01 09:26:20.815,66.1
MA,BID,2016-04-01 09:26:20.815,92.03
MHFI,BID,2016-04-01 09:26:20.815,95.7
YUM,BID,2016-04-01 09:26:20.815,80.23
KMB,BID,2016-04-01 09:26:20.815,131.97
AEP,BID,2016-04-01 09:26:20.815,63.9
KMX,BID,2016-04-01 09:26:20.815,48.75
CXO,BID,2016-04-01 09:26:20.816,95.27
BAC,BID,2016-04-01 09:26:20.816,13.49
FDX,BID,2016-04-01 09:26:21.065,160.95
CMA,BID,2016-04-01 09:26:21.065,33.59
FIS,BID,2016-04-01 09:26:21.065,61.83
AIV,BID,2016-04-01 09:26:21.065,37.32
XEL,BID,2016-04-01 09:26:21.066,40.85
TGNA,BID,2016-04-01 09:26:21.066,18.76
FLS,BID,2016-04-01 09:26:21.066,38.58
MA,BID,2016-04-01 09:26:21.315,91.98
CTXS,ASK,2016-04-01 09:26:21.316,79.48
PKI,BID,2016-04-01 09:26:21.316,43.14
CNX,BID,2016-04-01 09:26:21.316,10.63
COF,BID,2016-04-01 09:26:21.316,67.46
YUM,BID,2016-04-01 09:26:21.316,80.27
COG,BID,2016-04-01 09:26:21.316,22.06
BAC,BID,2016-04-01 09:26:21.316,13.5
CPB,BID,2016-04-01 09:26:21.316,62.7
QCOM,BID,2016-04-01 09:26:21.565,50.5
LUV,BID,2016-04-01 09:26:21.566,43.65
BHI,BID,2016-04-01 09:26:21.566,42.45
APA,BID,2016-04-01 09:26:21.566,47.15
LYB,BID,2016-04-01 09:26:21.566,83.14
APC,BID,2016-04-01 09:26:21.566,44.0
DOV,BID,2016-04-01 09:26:21.566,61.32
MAC,BID,2016-04-01 09:26:21.567,76.84
CSRA,BID,2016-04-01 09:26:21.567,-1.0
XEL,BID,2016-04-01 09:26:21.567,40.65
PSX,BID,2016-04-01 09:26:21.567,84.5
MCD,BID,2016-04-01 09:26:21.816,123.4
MCK,BID,2016-04-01 09:26:21.816,150.0
CTXS,ASK,2016-04-01 09:26:21.817,80.39
MDT,BID,2016-04-01 09:26:21.817,72.87
CXO,BID,2016-04-01 09:26:21.817,95.28
F,BID,2016-04-01 09:26:21.820,13.26
GLW,BID,2016-04-01 09:26:21.820,20.28
RCL,BID,2016-04-01 09:26:22.066,80.68
UAL,BID,2016-04-01 09:26:22.066,57.61
UDR,BID,2016-04-01 09:26:22.067,36.56
LNC,ASK,2016-04-01 09:26:22.067,39.63
MMM,BID,2016-04-01 09:26:22.067,164.91
AXP,BID,2016-04-01 09:26:22.067,59.88
GS,BID,2016-04-01 09:26:22.067,155.0
DD,BID,2016-04-01 09:26:22.067,62.58
UNM,BID,2016-04-01 09:26:22.067,26.58
MO,BID,2016-04-01 09:26:22.068,62.17
BA,BID,2016-04-01 09:26:22.068,125.61
HAL,BID,2016-04-01 09:26:22.317,34.7
V,BID,2016-04-01 09:26:22.317,75.76
DLPH,BID,2016-04-01 09:26:22.317,68.06
BAC,TRADE,2016-04-01 09:26:22.567,13.49
DOV,BID,2016-04-01 09:26:22.568,61.27
HIG,BID,2016-04-01 09:26:22.568,43.07
DAL,BID,2016-04-01 09:26:22.568,47.31
MUR,BID,2016-04-01 09:26:22.568,24.25
PDCO,ASK,2016-04-01 09:26:22.568,51.75
VTR,BID,2016-04-01 09:26:22.569,60.73
VZ,BID,2016-04-01 09:26:22.569,53.3
DVA,BID,2016-04-01 09:26:22.817,71.89
AAPL,ASK,2016-04-01 09:26:22.817,108.7
HSY,BID,2016-04-01 09:26:22.817,90.97
SIG,BID,2016-04-01 09:26:23.068,122.14
NRG,BID,2016-04-01 09:26:23.068,12.67
BAC,BID,2016-04-01 09:26:23.068,13.49
SLG,BID,2016-04-01 09:26:23.068,93.73
BWA,BID,2016-04-01 09:26:23.068,35.05
BAC,TRADE,2016-04-01 09:26:23.318,13.5
C,BID,2016-04-01 09:26:23.318,41.4
IR,BID,2016-04-01 09:26:23.319,59.63
STT,BID,2016-04-01 09:26:23.319,50.98
XOM,BID,2016-04-01 09:26:23.319,82.2
CAT,BID,2016-04-01 09:26:23.319,75.0
OI,BID,2016-04-01 09:26:23.568,14.67
CCI,BID,2016-04-01 09:26:23.568,85.0
OMC,BID,2016-04-01 09:26:23.569,79.93
STT,BID,2016-04-01 09:26:23.818,52.63
CXO,BID,2016-04-01 09:26:23.819,95.29
MDLZ,BID,2016-04-01 09:26:24.069,39.2
CPB,ASK,2016-04-01 09:26:24.069,65.76
NBL,BID,2016-04-01 09:26:24.569,27.8
MDLZ,BID,2016-04-01 09:26:24.820,39.18
CXO,BID,2016-04-01 09:26:24.820,95.3
CCI,ASK,2016-04-01 09:26:25.140,87.95
ADP,BID,2016-04-01 09:26:25.140,86.81
VIAB,ASK,2016-04-01 09:26:25.320,41.8
BAC,BID,2016-04-01 09:26:25.321,13.48
BAC,ASK,2016-04-01 09:26:25.321,13.5
CXO,BID,2016-04-01 09:26:25.821,95.31
BAC,TRADE,2016-04-01 09:26:26.573,13.48
PEP,BID,2016-04-01 09:26:26.573,101.0
TGT,BID,2016-04-01 09:26:26.823,81.48
VRSN,ASK,2016-04-01 09:26:26.823,89.01
BAC,ASK,2016-04-01 09:26:26.825,13.49
IP,ASK,2016-04-01 09:26:27.073,41.49
PEP,BID,2016-04-01 09:26:27.074,101.35
OMC,BID,2016-04-01 09:26:27.324,79.94
OMC,ASK,2016-04-01 09:26:27.324,87.01
IP,ASK,2016-04-01 09:26:27.574,41.02
R,ASK,2016-04-01 09:26:27.824,69.06
CXO,BID,2016-04-01 09:26:27.824,95.32
CMCSA,BID,2016-04-01 09:26:28.074,59.75
MAT,BID,2016-04-01 09:26:28.325,32.02
GS,BID,2016-04-01 09:26:28.325,155.55
NBL,BID,2016-04-01 09:26:28.575,27.81
CXO,BID,2016-04-01 09:26:28.825,95.33
MAC,BID,2016-04-01 09:26:28.825,76.17
MAC,ASK,2016-04-01 09:26:28.825,83.37
CPB,ASK,2016-04-01 09:26:29.076,65.75
MJN,ASK,2016-04-01 09:26:29.076,85.09
MDLZ,BID,2016-04-01 09:26:29.076,39.28
GE,ASK,2016-04-01 09:26:29.076,31.54
BAC,ASK,2016-04-01 09:26:29.076,13.5
DLTR,ASK,2016-04-01 09:26:29.326,83.04
MAC,BID,2016-04-01 09:26:29.326,76.64
MAC,ASK,2016-04-01 09:26:29.326,83.85
ESRX,ASK,2016-04-01 09:26:29.577,70.38
MJN,BID,2016-04-01 09:26:29.577,82.9
GE,ASK,2016-04-01 09:26:29.577,31.61
CAM,BID,2016-04-01 09:26:29.827,66.16
CXO,BID,2016-04-01 09:26:29.827,95.34
AIV,ASK,2016-04-01 09:26:29.827,42.98
F,TRADE,2016-04-01 09:26:30.078,13.26
BWA,BID,2016-04-01 09:26:30.079,35.06
F,BID,2016-04-01 09:26:30.079,13.25
F,ASK,2016-04-01 09:26:30.079,13.29
UAL,BID,2016-04-01 09:26:30.080,57.07
FOXA,ASK,2016-04-01 09:26:30.080,27.94
FCX,ASK,2016-04-01 09:26:30.328,9.96
CAM,BID,2016-04-01 09:26:30.328,66.15
BAC,BID,2016-04-01 09:26:30.329,13.47
BAC,ASK,2016-04-01 09:26:30.329,13.49
F,ASK,2016-04-01 09:26:30.578,13.3
FOXA,BID,2016-04-01 09:26:30.829,27.26
FCX,ASK,2016-04-01 09:26:30.829,10.0
UAL,BID,2016-04-01 09:26:30.829,57.61
ALLE,ASK,2016-04-01 09:26:31.079,65.97
MCHP,BID,2016-04-01 09:26:31.079,44.01
WDC,BID,2016-04-01 09:26:31.079,46.5
CNP,BID,2016-04-01 09:26:31.329,20.33
GE,TRADE,2016-04-01 09:26:31.580,31.52
FOXA,BID,2016-04-01 09:26:31.580,27.42
GE,BID,2016-04-01 09:26:31.580,31.5
GE,ASK,2016-04-01 09:26:31.580,31.6
NBL,BID,2016-04-01 09:26:31.581,27.82
ALLE,ASK,2016-04-01 09:26:31.581,64.73
YUM,BID,2016-04-01 09:26:31.830,81.08
NAVI,BID,2016-04-01 09:26:31.830,11.72
NWSA,BID,2016-04-01 09:26:31.831,12.34
PCAR,BID,2016-04-01 09:26:31.831,49.7
PDCO,BID,2016-04-01 09:26:31.831,45.87
CXO,BID,2016-04-01 09:26:31.831,95.35
QRVO,BID,2016-04-01 09:26:31.831,46.66
BK,BID,2016-04-01 09:26:32.080,36.24
TXN,BID,2016-04-01 09:26:32.080,54.93
VRSK,BID,2016-04-01 09:26:32.081,73.87
YHOO,BID,2016-04-01 09:26:32.081,36.04
ZION,BID,2016-04-01 09:26:32.081,22.13
MPC,BID,2016-04-01 09:26:32.081,36.16
BXP,BID,2016-04-01 09:26:32.081,118.27
BXP,ASK,2016-04-01 09:26:32.081,131.92
ADI,BID,2016-04-01 09:26:32.081,55.79
ADP,BID,2016-04-01 09:26:32.081,86.68
AMAT,BID,2016-04-01 09:26:32.331,20.84
AMGN,BID,2016-04-01 09:26:32.331,147.5
ENDP,BID,2016-04-01 09:26:32.331,27.01
BAC,ASK,2016-04-01 09:26:32.332,13.48
CHRW,BID,2016-04-01 09:26:32.332,69.73
COST,BID,2016-04-01 09:26:32.332,156.01
CTSH,BID,2016-04-01 09:26:32.332,59.06
DISCA,BID,2016-04-01 09:26:32.332,27.75
EBAY,BID,2016-04-01 09:26:32.332,23.53
KO,TRADE,2016-04-01 09:26:32.581,46.1
FAST,BID,2016-04-01 09:26:32.582,45.84
FITB,BID,2016-04-01 09:26:32.582,16.23
FOXA,BID,2016-04-01 09:26:32.582,27.39
GRMN,BID,2016-04-01 09:26:32.582,38.99
HAS,BID,2016-04-01 09:26:32.582,78.9
INTC,BID,2016-04-01 09:26:32.582,32.04
URBN,BID,2016-04-01 09:26:32.582,32.7
MNST,BID,2016-04-01 09:26:32.832,126.86
NTAP,BID,2016-04-01 09:26:32.832,26.46
BAC,ASK,2016-04-01 09:26:32.832,13.49
CXO,BID,2016-04-01 09:26:32.832,95.36
CPB,ASK,2016-04-01 09:26:33.082,65.74
AWK,BID,2016-04-01 09:26:33.082,68.51
GE,ASK,2016-04-01 09:26:33.082,31.51
DAL,BID,2016-04-01 09:26:33.332,47.3
A,BID,2016-04-01 09:26:33.582,37.54
GE,ASK,2016-04-01 09:26:33.583,31.58
ADM,ASK,2016-04-01 09:26:33.583,37.1
AEP,BID,2016-04-01 09:26:33.834,63.94
AIV,BID,2016-04-01 09:26:33.838,37.89
AMT,ASK,2016-04-01 09:26:33.838,103.24
APH,ASK,2016-04-01 09:26:34.083,58.24
ARG,ASK,2016-04-01 09:26:34.084,143.04
TXN,BID,2016-04-01 09:26:34.084,54.95
A,BID,2016-04-01 09:26:34.084,37.51
AXP,BID,2016-04-01 09:26:34.084,60.49
AXP,ASK,2016-04-01 09:26:34.084,61.27
BA,ASK,2016-04-01 09:26:34.253,126.71
CAM,ASK,2016-04-01 09:26:34.254,66.59
BDX,ASK,2016-04-01 09:26:34.254,151.94
BBT,ASK,2016-04-01 09:26:34.254,34.23
BBY,ASK,2016-04-01 09:26:34.254,32.57
ITW,BID,2016-04-01 09:26:34.254,101.19
GE,BID,2016-04-01 09:26:34.254,31.51
FLS,ASK,2016-04-01 09:26:34.503,44.37
BMY,ASK,2016-04-01 09:26:34.504,64.21
NBL,BID,2016-04-01 09:26:34.504,27.83
BWA,BID,2016-04-01 09:26:34.721,36.19
BWA,ASK,2016-04-01 09:26:34.721,38.87
CAT,BID,2016-04-01 09:26:34.721,75.05
CAM,ASK,2016-04-01 09:26:34.721,66.45
PXD,BID,2016-04-01 09:26:34.722,133.39
BDX,BID,2016-04-01 09:26:34.722,150.23
BBY,ASK,2016-04-01 09:26:34.722,32.59
CCI,ASK,2016-04-01 09:26:34.722,87.64
GE,BID,2016-04-01 09:26:35.042,31.5
CXO,BID,2016-04-01 09:26:35.042,95.37
ENDP,BID,2016-04-01 09:26:35.042,26.55
CLX,ASK,2016-04-01 09:26:35.043,127.43
UDR,BID,2016-04-01 09:26:35.043,36.22
UDR,ASK,2016-04-01 09:26:35.043,42.75
CMA,BID,2016-04-01 09:26:35.043,34.78
CMI,ASK,2016-04-01 09:26:35.043,109.99
CCL,ASK,2016-04-01 09:26:35.043,52.31
COF,BID,2016-04-01 09:26:35.222,68.32
BWA,BID,2016-04-01 09:26:35.222,36.15
BWA,ASK,2016-04-01 09:26:35.222,38.91
CPB,BID,2016-04-01 09:26:35.222,62.97
ROST,ASK,2016-04-01 09:26:35.222,58.31
CSRA,BID,2016-04-01 09:26:35.223,23.35
CSRA,ASK,2016-04-01 09:26:35.223,29.96
PXD,BID,2016-04-01 09:26:35.223,133.76
NTRS,BID,2016-04-01 09:26:35.223,62.44
WMT,ASK,2016-04-01 09:26:35.472,68.5
SEE,BID,2016-04-01 09:26:35.473,42.3
SEE,ASK,2016-04-01 09:26:35.473,50.08
VNO,BID,2016-04-01 09:26:35.473,87.44
VNO,ASK,2016-04-01 09:26:35.473,101.2
DD,BID,2016-04-01 09:26:35.473,62.59
SWK,BID,2016-04-01 09:26:35.473,104.16
SWK,ASK,2016-04-01 09:26:35.473,105.09
BXLT,ASK,2016-04-01 09:26:35.474,40.35
DLPH,BID,2016-04-01 09:26:35.474,68.26
DLPH,ASK,2016-04-01 09:26:35.474,75.73
CCL,ASK,2016-04-01 09:26:35.474,52.61
GE,ASK,2016-04-01 09:26:35.474,31.59
EFX,ASK,2016-04-01 09:26:35.722,116.5
EIX,ASK,2016-04-01 09:26:35.722,71.96
NTRS,BID,2016-04-01 09:26:35.723,62.4
CXO,BID,2016-04-01 09:26:35.973,95.38
ETR,ASK,2016-04-01 09:26:35.973,80.09
EW,ASK,2016-04-01 09:26:36.223,88.55
INTU,ASK,2016-04-01 09:26:36.224,104.28
FE,ASK,2016-04-01 09:26:36.224,36.2
FIS,BID,2016-04-01 09:26:36.224,62.73
FIS,ASK,2016-04-01 09:26:36.224,64.18
FLS,BID,2016-04-01 09:26:36.224,40.22
FMC,ASK,2016-04-01 09:26:36.224,41.07
ENDP,BID,2016-04-01 09:26:36.473,26.64
GLW,BID,2016-04-01 09:26:36.474,20.37
INTU,ASK,2016-04-01 09:26:36.724,104.3
HAL,BID,2016-04-01 09:26:36.724,34.87
HBI,ASK,2016-04-01 09:26:36.724,28.86
HCN,ASK,2016-04-01 09:26:36.725,69.2
HIG,BID,2016-04-01 09:26:36.725,43.85
PDCO,BID,2016-04-01 09:26:36.725,45.84
DISCA,BID,2016-04-01 09:26:36.974,27.72
HRS,ASK,2016-04-01 09:26:36.974,78.37
HUM,ASK,2016-04-01 09:26:36.974,186.14
URBN,BID,2016-04-01 09:26:36.975,32.68
IR,BID,2016-04-01 09:26:37.225,60.2
IR,ASK,2016-04-01 09:26:37.225,62.27
ZION,BID,2016-04-01 09:26:37.225,22.11
IVZ,ASK,2016-04-01 09:26:37.225,30.92
ESRX,ASK,2016-04-01 09:26:37.225,69.6
K,BID,2016-04-01 09:26:37.226,75.43
HCA,ASK,2016-04-01 09:26:37.226,78.38
KMB,BID,2016-04-01 09:26:37.475,132.85
KMX,BID,2016-04-01 09:26:37.475,49.15
VRTX,ASK,2016-04-01 09:26:37.475,82.0
LUV,BID,2016-04-01 09:26:37.726,43.83
LUV,ASK,2016-04-01 09:26:37.726,44.69
LYB,BID,2016-04-01 09:26:37.726,84.02
LYB,ASK,2016-04-01 09:26:37.726,86.4
MAC,BID,2016-04-01 09:26:37.726,77.43
MAC,ASK,2016-04-01 09:26:37.727,83.06
MCD,BID,2016-04-01 09:26:37.727,124.64
MCD,ASK,2016-04-01 09:26:37.727,125.64
MCK,BID,2016-04-01 09:26:37.727,153.04
MCK,ASK,2016-04-01 09:26:37.727,160.98
MDT,BID,2016-04-01 09:26:37.727,73.38
MDT,ASK,2016-04-01 09:26:37.728,75.49
CXO,BID,2016-04-01 09:26:37.976,95.39
MMM,ASK,2016-04-01 09:26:37.977,166.53
MRK,ASK,2016-04-01 09:26:37.977,52.95
CPB,ASK,2016-04-01 09:26:37.977,65.73
GE,TRADE,2016-04-01 09:26:38.227,31.5
INTU,ASK,2016-04-01 09:26:38.227,104.29
YUM,BID,2016-04-01 09:26:38.227,80.27
ABT,ASK,2016-04-01 09:26:38.227,41.93
NRG,BID,2016-04-01 09:26:38.227,12.72
OMC,BID,2016-04-01 09:26:38.476,79.95
OMC,ASK,2016-04-01 09:26:38.477,87.0
ACN,BID,2016-04-01 09:26:38.477,114.06
OI,BID,2016-04-01 09:26:38.477,14.91
NBL,BID,2016-04-01 09:26:38.477,27.84
OXY,BID,2016-04-01 09:26:38.477,66.83
BA,BID,2016-04-01 09:26:38.727,125.64
PEP,ASK,2016-04-01 09:26:38.727,102.65
PG,ASK,2016-04-01 09:26:38.727,82.5
CI,BID,2016-04-01 09:26:38.728,135.93
PH,ASK,2016-04-01 09:26:38.728,111.41
PNW,ASK,2016-04-01 09:26:38.728,75.34
BDX,BID,2016-04-01 09:26:38.728,150.17
PKI,BID,2016-04-01 09:26:38.728,43.21
PLD,ASK,2016-04-01 09:26:38.728,49.67
PNR,ASK,2016-04-01 09:26:38.728,54.68
BLL,ASK,2016-04-01 09:26:38.977,71.6
MA,BID,2016-04-01 09:26:38.978,92.0
CXO,BID,2016-04-01 09:26:38.978,95.4
XEL,BID,2016-04-01 09:26:38.978,40.57
PRU,ASK,2016-04-01 09:26:38.978,72.21
OMC,BID,2016-04-01 09:26:38.978,81.44
OMC,ASK,2016-04-01 09:26:38.978,85.51
PSX,BID,2016-04-01 09:26:38.978,85.28
RAI,ASK,2016-04-01 09:26:38.978,50.46
RCL,BID,2016-04-01 09:26:38.979,80.98
RRC,ASK,2016-04-01 09:26:39.228,32.61
RTN,ASK,2016-04-01 09:26:39.229,122.38
SEE,ASK,2016-04-01 09:26:39.394,48.5
SLG,BID,2016-04-01 09:26:39.395,94.23
SLG,ASK,2016-04-01 09:26:39.395,99.02
SO,ASK,2016-04-01 09:26:39.619,51.94
JNJ,ASK,2016-04-01 09:26:39.619,108.28
GILD,ASK,2016-04-01 09:26:39.619,93.03
STT,BID,2016-04-01 09:26:39.620,53.25
TGNA,BID,2016-04-01 09:26:39.869,20.04
TGNA,ASK,2016-04-01 09:26:39.869,23.47
ZTS,BID,2016-04-01 09:26:39.869,43.83
TRIP,ASK,2016-04-01 09:26:39.870,67.27
NEM,ASK,2016-04-01 09:26:40.120,26.43
TJX,ASK,2016-04-01 09:26:40.121,78.7
LRCX,ASK,2016-04-01 09:26:40.121,84.0
TMO,ASK,2016-04-01 09:26:40.121,142.47
CTXS,ASK,2016-04-01 09:26:40.121,79.48
DLTR,ASK,2016-04-01 09:26:40.121,83.78
TSN,ASK,2016-04-01 09:26:40.121,67.26
JNJ,ASK,2016-04-01 09:26:40.121,108.58
GILD,ASK,2016-04-01 09:26:40.121,92.14
ATVI,ASK,2016-04-01 09:26:40.122,33.84
T,TRADE,2016-04-01 09:26:40.371,38.71
UAL,BID,2016-04-01 09:26:40.371,57.93
UDR,BID,2016-04-01 09:26:40.371,36.98
UNH,ASK,2016-04-01 09:26:40.372,129.89
UNM,BID,2016-04-01 09:26:40.372,26.93
IBM,BID,2016-04-01 09:26:40.372,150.4
URI,ASK,2016-04-01 09:26:40.372,62.35
USB,ASK,2016-04-01 09:26:40.372,40.63
V,BID,2016-04-01 09:26:40.373,75.78
VLO,ASK,2016-04-01 09:26:40.373,64.29
NEM,ASK,2016-04-01 09:26:40.621,26.2
VTR,BID,2016-04-01 09:26:40.621,61.0
LRCX,BID,2016-04-01 09:26:40.621,79.78
FOX,BID,2016-04-01 09:26:40.621,27.1
CTXS,ASK,2016-04-01 09:26:40.621,80.39
JNJ,ASK,2016-04-01 09:26:40.621,108.77
XOM,ASK,2016-04-01 09:26:40.871,83.36
XRX,ASK,2016-04-01 09:26:40.871,11.23
CXO,BID,2016-04-01 09:26:40.871,95.41
ATVI,ASK,2016-04-01 09:26:41.121,33.82
DLTR,ASK,2016-04-01 09:26:41.121,83.04
BLL,OPEN,2016-04-01 09:26:41.372,70.46
BLL,TRADE,2016-04-01 09:26:41.372,70.46
T,BID,2016-04-01 09:26:41.372,38.7
T,ASK,2016-04-01 09:26:41.372,38.84
GE,ASK,2016-04-01 09:26:41.373,31.51
ATVI,ASK,2016-04-01 09:26:41.622,33.84
BLL,TRADE,2016-04-01 09:26:41.873,70.41
CXO,BID,2016-04-01 09:26:41.873,95.42
T,ASK,2016-04-01 09:26:41.873,38.85
GE,ASK,2016-04-01 09:26:41.873,31.57
AEP,BID,2016-04-01 09:26:42.122,64.18
VZ,ASK,2016-04-01 09:26:42.122,53.7
T,TRADE,2016-04-01 09:26:42.373,38.7
ATVI,ASK,2016-04-01 09:26:42.374,33.82
KO,ASK,2016-04-01 09:26:42.374,46.3
MA,BID,2016-04-01 09:26:42.374,92.18
NBL,BID,2016-04-01 09:26:42.623,27.85
GE,ASK,2016-04-01 09:26:42.623,31.51
GE,TRADE,2016-04-01 09:26:43.124,31.51
GE,ASK,2016-04-01 09:26:43.124,31.58
CPB,ASK,2016-04-01 09:26:43.124,65.72
ARG,ASK,2016-04-01 09:26:43.125,142.41
MA,BID,2016-04-01 09:26:43.125,92.7
VRTX,ASK,2016-04-01 09:26:43.125,80.97
ADI,ASK,2016-04-01 09:26:43.374,61.29
GE,TRADE,2016-04-01 09:26:43.625,31.5
T,BID,2016-04-01 09:26:43.626,38.69
T,ASK,2016-04-01 09:26:43.626,38.84
FFIV,ASK,2016-04-01 09:26:43.626,111.52
ZBH,ASK,2016-04-01 09:26:43.627,107.02
CXO,BID,2016-04-01 09:26:43.875,95.43
T,TRADE,2016-04-01 09:26:44.126,38.69
T,BID,2016-04-01 09:26:44.126,38.66
T,ASK,2016-04-01 09:26:44.126,38.69
NTRS,ASK,2016-04-01 09:26:44.376,70.17
DHI,BID,2016-04-01 09:26:44.376,29.41
CAG,BID,2016-04-01 09:26:44.946,44.17
GE,ASK,2016-04-01 09:26:44.947,31.51
DHI,BID,2016-04-01 09:26:44.947,29.61
TEL,BID,2016-04-01 09:26:44.947,61.0
GGP,ASK,2016-04-01 09:26:44.948,31.61
JCI,TRADE,2016-04-01 09:26:45.127,38.76
T,TRADE,2016-04-01 09:26:45.128,38.66
GE,TRADE,2016-04-01 09:26:45.129,31.51
JCI,BID,2016-04-01 09:26:45.129,38.72
CHK,ASK,2016-04-01 09:26:45.129,3.98
T,BID,2016-04-01 09:26:45.130,38.6
T,ASK,2016-04-01 09:26:45.130,38.68
GE,ASK,2016-04-01 09:26:45.377,31.58
GGP,ASK,2016-04-01 09:26:45.377,31.72
BHI,BID,2016-04-01 09:26:45.378,42.39
COP,TRADE,2016-04-01 09:26:45.628,39.45
COP,BID,2016-04-01 09:26:45.628,39.4
VZ,ASK,2016-04-01 09:26:45.628,53.49
NEM,ASK,2016-04-01 09:26:45.629,26.43
T,ASK,2016-04-01 09:26:45.629,38.69
CSCO,ASK,2016-04-01 09:26:45.879,28.37
BBBY,BID,2016-04-01 09:26:45.879,48.55
TROW,ASK,2016-04-01 09:26:45.879,74.07
MAT,BID,2016-04-01 09:26:45.880,32.01
CXO,BID,2016-04-01 09:26:45.880,95.44
KO,BID,2016-04-01 09:26:45.880,46.02
VZ,ASK,2016-04-01 09:26:46.129,53.7
XLNX,BID,2016-04-01 09:26:46.130,46.37
GGP,ASK,2016-04-01 09:26:46.130,31.75
NEM,ASK,2016-04-01 09:26:46.130,26.18
BBBY,BID,2016-04-01 09:26:46.379,48.73
TROW,BID,2016-04-01 09:26:46.379,71.48
APA,BID,2016-04-01 09:26:46.379,47.18
NBL,BID,2016-04-01 09:26:46.629,27.86
TXT,ASK,2016-04-01 09:26:46.879,36.6
CXO,BID,2016-04-01 09:26:46.879,95.45
HON,ASK,2016-04-01 09:26:46.885,112.39
NEM,ASK,2016-04-01 09:26:46.885,26.42
GE,TRADE,2016-04-01 09:26:47.130,31.5
TXT,ASK,2016-04-01 09:26:47.380,36.37
NEM,ASK,2016-04-01 09:26:47.380,26.2
APA,BID,2016-04-01 09:26:47.881,47.21
ROST,ASK,2016-04-01 09:26:47.881,58.33
TDC,BID,2016-04-01 09:26:47.881,25.39
XL,BID,2016-04-01 09:26:48.131,36.4
STT,BID,2016-04-01 09:26:48.131,53.34
CPB,ASK,2016-04-01 09:26:48.131,65.71
T,BID,2016-04-01 09:26:48.381,38.61
CXO,BID,2016-04-01 09:26:48.882,95.46
SBUX,BID,2016-04-01 09:26:49.633,59.24
SBUX,ASK,2016-04-01 09:26:49.633,59.63
SJM,ASK,2016-04-01 09:26:49.634,130.86
AN,BID,2016-04-01 09:26:49.883,44.68
SBUX,ASK,2016-04-01 09:26:50.134,60.06
SJM,BID,2016-04-01 09:26:50.134,128.12
SJM,ASK,2016-04-01 09:26:50.134,130.55
AKAM,BID,2016-04-01 09:26:50.134,54.41
TROW,ASK,2016-04-01 09:26:50.135,74.55
GRMN,ASK,2016-04-01 09:26:50.135,40.72
AN,BID,2016-04-01 09:26:50.384,45.26
NBL,BID,2016-04-01 09:26:50.634,27.87
SJM,BID,2016-04-01 09:26:50.635,128.84
TROW,BID,2016-04-01 09:26:50.635,71.47
CXO,BID,2016-04-01 09:26:50.885,95.47
TXN,ASK,2016-04-01 09:26:50.885,58.4
GE,ASK,2016-04-01 09:26:51.135,31.59
ADP,BID,2016-04-01 09:26:51.135,86.7
LRCX,ASK,2016-04-01 09:26:51.136,83.85
NEM,ASK,2016-04-01 09:26:51.636,26.42
MAR,BID,2016-04-01 09:26:51.886,66.6
NEM,ASK,2016-04-01 09:26:52.137,26.18
SHW,ASK,2016-04-01 09:26:52.137,304.72
MAR,BID,2016-04-01 09:26:52.387,67.0
SHW,BID,2016-04-01 09:26:52.637,280.18
SHW,ASK,2016-04-01 09:26:52.637,284.62
CXO,BID,2016-04-01 09:26:52.888,95.48
WDC,BID,2016-04-01 09:26:52.889,46.1
MAR,TRADE,2016-04-01 09:26:53.139,67.0
MAR,BID,2016-04-01 09:26:53.139,66.6
CPB,ASK,2016-04-01 09:26:53.140,65.7
COP,TRADE,2016-04-01 09:26:53.389,39.4
VTR,ASK,2016-04-01 09:26:53.389,64.71
MAR,ASK,2016-04-01 09:26:53.639,67.08
CHRW,BID,2016-04-01 09:26:53.889,69.75
XEL,BID,2016-04-01 09:26:53.889,40.51
ESRX,ASK,2016-04-01 09:26:53.890,70.38
FOXA,ASK,2016-04-01 09:26:53.890,28.25
LLTC,BID,2016-04-01 09:26:54.139,41.58
NVDA,ASK,2016-04-01 09:26:54.140,36.01
AKAM,BID,2016-04-01 09:26:54.140,54.43
GILD,ASK,2016-04-01 09:26:54.141,93.03
BLL,TRADE,2016-04-01 09:26:54.390,70.4
XEC,ASK,2016-04-01 09:26:54.390,98.28
FOXA,ASK,2016-04-01 09:26:54.391,27.92
NBL,BID,2016-04-01 09:26:54.640,27.88
LLTC,BID,2016-04-01 09:26:54.641,41.6
XEC,ASK,2016-04-01 09:26:54.961,97.43
CXO,BID,2016-04-01 09:26:54.961,95.49
MAR,BID,2016-04-01 09:26:55.391,66.9
BSX,BID,2016-04-01 09:26:55.698,18.51
CXO,BID,2016-04-01 09:26:55.892,95.5
AAL,ASK,2016-04-01 09:26:56.143,40.3
TDC,BID,2016-04-01 09:26:56.143,25.17
DLTR,ASK,2016-04-01 09:26:56.893,83.78
TDC,BID,2016-04-01 09:26:56.893,25.55
VRTX,ASK,2016-04-01 09:26:57.144,82.0
LRCX,ASK,2016-04-01 09:26:57.394,84.0
CXO,BID,2016-04-01 09:26:57.895,95.51
NFLX,TRADE,2016-04-01 09:26:58.145,102.27
NFLX,BID,2016-04-01 09:26:58.146,102.12
BXP,BID,2016-04-01 09:26:58.146,117.49
BXP,ASK,2016-04-01 09:26:58.146,132.7
LRCX,BID,2016-04-01 09:26:58.147,79.79
AMP,BID,2016-04-01 09:26:58.645,91.19
MAR,ASK,2016-04-01 09:26:58.646,67.16
CSCO,ASK,2016-04-01 09:26:58.896,28.4
FMC,BID,2016-04-01 09:26:58.897,39.54
CPB,ASK,2016-04-01 09:26:59.146,65.69
TEL,ASK,2016-04-01 09:26:59.147,61.94
ROST,ASK,2016-04-01 09:26:59.147,58.29
CTXS,ASK,2016-04-01 09:26:59.147,79.46
DPS,BID,2016-04-01 09:26:59.396,88.45
NBL,BID,2016-04-01 09:26:59.647,27.89
COL,BID,2016-04-01 09:26:59.897,90.75
COL,ASK,2016-04-01 09:26:59.897,92.81
CXO,BID,2016-04-01 09:26:59.897,95.52
DPS,BID,2016-04-01 09:26:59.897,88.15
KEY,ASK,2016-04-01 09:27:00.149,11.03
AKAM,ASK,2016-04-01 09:27:00.150,55.99
RF,ASK,2016-04-01 09:27:00.150,7.75
COL,BID,2016-04-01 09:27:00.398,90.83
COL,ASK,2016-04-01 09:27:00.398,92.6
DPS,BID,2016-04-01 09:27:00.648,88.62
NEM,ASK,2016-04-01 09:27:00.648,26.42
MRO,ASK,2016-04-01 09:27:00.648,10.75
NEM,ASK,2016-04-01 09:27:01.149,26.2
DHR,ASK,2016-04-01 09:27:01.399,95.35
VNO,BID,2016-04-01 09:27:01.400,86.67
VNO,ASK,2016-04-01 09:27:01.400,101.97
UDR,ASK,2016-04-01 09:27:01.400,42.93
MHK,BID,2016-04-01 09:27:01.649,188.28
NOC,ASK,2016-04-01 09:27:01.650,197.9
EMR,BID,2016-04-01 09:27:01.650,52.37
DPS,ASK,2016-04-01 09:27:01.650,90.19
KEY,ASK,2016-04-01 09:27:01.651,11.02
TWC,BID,2016-04-01 09:27:01.651,189.25
EL,ASK,2016-04-01 09:27:01.651,94.72
MAR,ASK,2016-04-01 09:27:01.651,67.0
BDX,BID,2016-04-01 09:27:01.900,149.62
CL,BID,2016-04-01 09:27:01.900,69.72
SYK,BID,2016-04-01 09:27:01.901,106.17
CMCSA,BID,2016-04-01 09:27:01.901,59.78
ITW,BID,2016-04-01 09:27:01.901,101.18
ITW,ASK,2016-04-01 09:27:01.901,102.7
DHR,ASK,2016-04-01 09:27:01.902,95.31
CXO,BID,2016-04-01 09:27:01.902,95.53
NEE,ASK,2016-04-01 09:27:01.902,119.01
HIG,ASK,2016-04-01 09:27:01.902,46.11
UDR,ASK,2016-04-01 09:27:02.150,43.11
MLM,BID,2016-04-01 09:27:02.150,155.83
AME,ASK,2016-04-01 09:27:02.151,50.43
TWC,BID,2016-04-01 09:27:02.153,202.97
AMG,ASK,2016-04-01 09:27:02.153,-1.0
SIG,ASK,2016-04-01 09:27:02.153,124.67
BDX,BID,2016-04-01 09:27:02.401,150.4
EXC,BID,2016-04-01 09:27:02.402,35.58
CAH,BID,2016-04-01 09:27:02.402,81.09
CL,BID,2016-04-01 09:27:02.402,69.51
CL,ASK,2016-04-01 09:27:02.402,70.76
AIG,ASK,2016-04-01 09:27:02.402,54.19
MHK,BID,2016-04-01 09:27:02.402,188.29
ITW,ASK,2016-04-01 09:27:02.402,102.49
AET,BID,2016-04-01 09:27:02.402,110.75
FB,TRADE,2016-04-01 09:27:02.651,113.38
MRO,ASK,2016-04-01 09:27:02.652,10.77
DO,BID,2016-04-01 09:27:02.652,19.64
HIG,ASK,2016-04-01 09:27:02.652,46.22
AME,BID,2016-04-01 09:27:02.652,49.51
MLM,BID,2016-04-01 09:27:02.652,157.39
MLM,ASK,2016-04-01 09:27:02.652,159.98
HON,ASK,2016-04-01 09:27:02.652,112.76
FB,BID,2016-04-01 09:27:02.653,113.3
NOC,BID,2016-04-01 09:27:02.653,196.31
MAR,ASK,2016-04-01 09:27:02.653,67.16
SYK,ASK,2016-04-01 09:27:02.653,107.75
AAP,ASK,2016-04-01 09:27:02.653,161.37
BDX,ASK,2016-04-01 09:27:02.654,152.52
EXC,ASK,2016-04-01 09:27:02.901,36.0
CAH,ASK,2016-04-01 09:27:02.901,82.07
SIG,BID,2016-04-01 09:27:02.901,122.57
SIG,ASK,2016-04-01 09:27:02.901,124.08
CL,BID,2016-04-01 09:27:02.902,70.03
MHK,ASK,2016-04-01 09:27:02.902,191.56
DPS,ASK,2016-04-01 09:27:02.902,90.41
AMG,ASK,2016-04-01 09:27:02.903,162.82
NEM,ASK,2016-04-01 09:27:02.903,26.42
ITW,BID,2016-04-01 09:27:02.903,101.52
XL,BID,2016-04-01 09:27:02.903,36.43
XL,ASK,2016-04-01 09:27:02.903,37.04
LB,ASK,2016-04-01 09:27:02.904,88.38
D,ASK,2016-04-01 09:27:02.904,75.64
DO,BID,2016-04-01 09:27:03.151,19.65
AME,ASK,2016-04-01 09:27:03.151,50.67
HON,ASK,2016-04-01 09:27:03.152,113.13
NOC,ASK,2016-04-01 09:27:03.152,198.16
MLM,ASK,2016-04-01 09:27:03.152,160.26
MHK,ASK,2016-04-01 09:27:03.402,192.1
NEM,ASK,2016-04-01 09:27:03.403,26.18
AAP,ASK,2016-04-01 09:27:03.403,161.76
AIG,ASK,2016-04-01 09:27:03.403,54.29
LB,ASK,2016-04-01 09:27:03.404,88.5
D,ASK,2016-04-01 09:27:03.404,75.59
UDR,ASK,2016-04-01 09:27:03.404,43.13
XL,ASK,2016-04-01 09:27:03.660,37.22
AME,ASK,2016-04-01 09:27:03.660,50.73
HON,ASK,2016-04-01 09:27:03.902,113.3
CXO,BID,2016-04-01 09:27:03.902,95.54
AIG,BID,2016-04-01 09:27:03.902,53.6
AFL,BID,2016-04-01 09:27:04.153,61.69
LNC,ASK,2016-04-01 09:27:04.403,39.54
NBL,BID,2016-04-01 09:27:04.653,27.9
CVC,ASK,2016-04-01 09:27:04.653,33.19
FB,BID,2016-04-01 09:27:04.654,113.37
MAR,ASK,2016-04-01 09:27:04.654,67.0
AFL,BID,2016-04-01 09:27:04.654,61.98
CAT,TRADE,2016-04-01 09:27:05.154,75.4
XL,ASK,2016-04-01 09:27:05.155,37.37
DISCA,BID,2016-04-01 09:27:05.404,27.74
SCHW,ASK,2016-04-01 09:27:05.654,28.0
XL,ASK,2016-04-01 09:27:05.655,37.4
MAR,TRADE,2016-04-01 09:27:05.905,66.9
MAR,BID,2016-04-01 09:27:05.905,66.6
AIV,ASK,2016-04-01 09:27:05.906,43.2
CPB,ASK,2016-04-01 09:27:06.155,65.68
CINF,ASK,2016-04-01 09:27:06.406,66.74
NLSN,BID,2016-04-01 09:27:06.406,51.84
FB,TRADE,2016-04-01 09:27:06.656,113.37
AIV,ASK,2016-04-01 09:27:06.656,43.31
FB,BID,2016-04-01 09:27:06.656,113.3
F,BID,2016-04-01 09:27:06.657,13.26
AN,BID,2016-04-01 09:27:06.657,44.95
CXO,BID,2016-04-01 09:27:06.906,95.55
NLSN,BID,2016-04-01 09:27:06.906,52.18
WHR,BID,2016-04-01 09:27:07.156,178.27
NRG,ASK,2016-04-01 09:27:07.157,13.3
XLNX,ASK,2016-04-01 09:27:07.157,48.15
FB,BID,2016-04-01 09:27:07.157,113.37
AN,BID,2016-04-01 09:27:07.157,45.41
NLSN,ASK,2016-04-01 09:27:07.407,52.81
AAL,ASK,2016-04-01 09:27:07.657,40.2
BWA,ASK,2016-04-01 09:27:07.657,38.42
TDC,BID,2016-04-01 09:27:07.658,25.62
NRG,ASK,2016-04-01 09:27:07.658,13.11
NLSN,ASK,2016-04-01 09:27:07.908,52.7
DRI,ASK,2016-04-01 09:27:08.158,66.84
AKAM,BID,2016-04-01 09:27:08.158,54.65
MET,BID,2016-04-01 09:27:08.408,43.49
PDCO,ASK,2016-04-01 09:27:08.658,52.15
CXO,BID,2016-04-01 09:27:08.909,95.56
BSX,BID,2016-04-01 09:27:08.909,18.53
STT,ASK,2016-04-01 09:27:09.159,58.56
BAC,BID,2016-04-01 09:27:09.160,13.48
FB,BID,2016-04-01 09:27:09.410,113.3
NOC,ASK,2016-04-01 09:27:09.411,198.87
MAR,BID,2016-04-01 09:27:09.411,66.9
NBL,BID,2016-04-01 09:27:09.662,27.91
COP,BID,2016-04-01 09:27:09.662,39.3
BXLT,BID,2016-04-01 09:27:09.910,40.05
NOC,ASK,2016-04-01 09:27:09.911,198.25
KO,BID,2016-04-01 09:27:10.161,45.96
BXLT,BID,2016-04-01 09:27:10.417,40.18
UNH,BID,2016-04-01 09:27:10.417,127.08
TWC,BID,2016-04-01 09:27:10.418,189.25
TWX,BID,2016-04-01 09:27:10.418,71.39
TWX,ASK,2016-04-01 09:27:10.418,72.63
AET,BID,2016-04-01 09:27:10.419,110.32
ANTM,BID,2016-04-01 09:27:10.419,136.72
ANTM,ASK,2016-04-01 09:27:10.419,140.15
GS,ASK,2016-04-01 09:27:10.419,156.57
RCL,BID,2016-04-01 09:27:10.420,81.45
XOM,BID,2016-04-01 09:27:10.420,82.25
XOM,ASK,2016-04-01 09:27:10.420,83.12
PEP,BID,2016-04-01 09:27:10.420,101.99
CVS,ASK,2016-04-01 09:27:10.421,103.84
SBUX,BID,2016-04-01 09:27:10.421,59.28
KMI,ASK,2016-04-01 09:27:10.421,17.65
AMAT,ASK,2016-04-01 09:27:10.422,21.06
PRU,ASK,2016-04-01 09:27:10.422,71.94
KMB,BID,2016-04-01 09:27:10.422,133.05
KMB,ASK,2016-04-01 09:27:10.422,134.79
CCL,ASK,2016-04-01 09:27:10.423,52.42
D,ASK,2016-04-01 09:27:10.484,75.55
GOOG,ASK,2016-04-01 09:27:10.484,742.0
INTC,BID,2016-04-01 09:27:10.484,32.08
INTC,ASK,2016-04-01 09:27:10.484,32.29
CRM,BID,2016-04-01 09:27:10.485,73.09
CMCSA,ASK,2016-04-01 09:27:10.485,60.78
HCP,BID,2016-04-01 09:27:10.485,32.01
MO,BID,2016-04-01 09:27:10.485,62.19
CELG,BID,2016-04-01 09:27:10.486,99.04
MS,ASK,2016-04-01 09:27:10.486,24.95
GILD,ASK,2016-04-01 09:27:10.486,92.28
MSFT,ASK,2016-04-01 09:27:10.486,54.93
WHR,ASK,2016-04-01 09:27:10.487,180.35
PM,BID,2016-04-01 09:27:10.487,97.7
ADSK,ASK,2016-04-01 09:27:10.487,58.45
UA,BID,2016-04-01 09:27:10.487,83.86
UA,ASK,2016-04-01 09:27:10.487,84.39
BLL,ASK,2016-04-01 09:27:10.488,71.5
IBM,ASK,2016-04-01 09:27:10.662,150.9
STX,BID,2016-04-01 09:27:10.662,33.44
STX,ASK,2016-04-01 09:27:10.662,34.28
BA,BID,2016-04-01 09:27:10.663,125.96
BA,ASK,2016-04-01 09:27:10.663,126.39
FDX,BID,2016-04-01 09:27:10.663,161.66
PYPL,BID,2016-04-01 09:27:10.664,38.21
ADBE,ASK,2016-04-01 09:27:10.664,94.25
QRVO,BID,2016-04-01 09:27:10.664,46.8
QRVO,ASK,2016-04-01 09:27:10.664,50.96
COST,BID,2016-04-01 09:27:10.665,156.8
RTN,ASK,2016-04-01 09:27:10.665,122.17
ENDP,BID,2016-04-01 09:27:10.665,26.85
WDC,BID,2016-04-01 09:27:10.666,46.4
LM,BID,2016-04-01 09:27:10.666,33.37
NTAP,BID,2016-04-01 09:27:10.666,26.51
NTAP,ASK,2016-04-01 09:27:10.667,27.3
CXO,BID,2016-04-01 09:27:10.912,95.57
TWC,BID,2016-04-01 09:27:10.913,202.97
HUM,BID,2016-04-01 09:27:10.913,180.59
CI,BID,2016-04-01 09:27:10.913,134.89
CI,ASK,2016-04-01 09:27:10.913,138.52
TWX,BID,2016-04-01 09:27:10.914,71.62
TWX,ASK,2016-04-01 09:27:10.914,72.39
ANTM,BID,2016-04-01 09:27:10.914,136.21
ANTM,ASK,2016-04-01 09:27:10.914,140.66
AET,BID,2016-04-01 09:27:10.915,109.89
UNH,BID,2016-04-01 09:27:10.915,127.45
GOOGL,BID,2016-04-01 09:27:11.163,756.99
PCLN,BID,2016-04-01 09:27:11.163,1279.63
AMZN,BID,2016-04-01 09:27:11.164,587.57
K,BID,2016-04-01 09:27:11.414,75.51
MMM,BID,2016-04-01 09:27:11.414,165.03
COL,ASK,2016-04-01 09:27:11.414,92.55
INTC,BID,2016-04-01 09:27:11.414,32.09
PYPL,BID,2016-04-01 09:27:11.415,38.23
HUM,BID,2016-04-01 09:27:11.415,181.27
ADS,BID,2016-04-01 09:27:11.415,214.0
CI,BID,2016-04-01 09:27:11.415,135.93
CI,ASK,2016-04-01 09:27:11.415,137.48
ANTM,BID,2016-04-01 09:27:11.416,137.24
ANTM,ASK,2016-04-01 09:27:11.416,139.64
AET,BID,2016-04-01 09:27:11.416,110.75
FB,TRADE,2016-04-01 09:27:11.734,113.35
DOV,BID,2016-04-01 09:27:11.735,61.05
FB,BID,2016-04-01 09:27:11.735,113.22
AMZN,ASK,2016-04-01 09:27:11.914,589.33
SLB,ASK,2016-04-01 09:27:11.915,72.81
TRIP,ASK,2016-04-01 09:27:11.915,66.65
WHR,ASK,2016-04-01 09:27:11.915,180.34
VLO,ASK,2016-04-01 09:27:11.915,64.17
DE,ASK,2016-04-01 09:27:11.916,76.83
INTC,ASK,2016-04-01 09:27:11.916,32.28
GOOG,ASK,2016-04-01 09:27:11.916,741.79
MMM,ASK,2016-04-01 09:27:11.916,166.26
DPS,ASK,2016-04-01 09:27:11.917,90.3
PCLN,ASK,2016-04-01 09:27:11.917,1290.12
ADS,BID,2016-04-01 09:27:11.917,216.53
GOOGL,ASK,2016-04-01 09:27:11.917,760.47
ADBE,ASK,2016-04-01 09:27:11.918,94.22
AKAM,ASK,2016-04-01 09:27:12.164,55.92
SLB,ASK,2016-04-01 09:27:12.415,72.78
GOOGL,ASK,2016-04-01 09:27:12.415,760.21
SCHW,ASK,2016-04-01 09:27:12.665,27.98
BWA,ASK,2016-04-01 09:27:12.666,38.64
CXO,BID,2016-04-01 09:27:12.915,95.58
DLPH,ASK,2016-04-01 09:27:12.916,75.67
DTE,BID,2016-04-01 09:27:12.916,89.84
CPB,ASK,2016-04-01 09:27:13.166,65.67
NRG,ASK,2016-04-01 09:27:13.166,13.24
NRG,ASK,2016-04-01 09:27:13.666,13.18
FB,BID,2016-04-01 09:27:13.667,113.24
CBG,BID,2016-04-01 09:27:13.667,26.96
DVA,BID,2016-04-01 09:27:13.667,71.78
CMCSA,BID,2016-04-01 09:27:13.917,59.75
BWA,ASK,2016-04-01 09:27:13.917,38.7
MDLZ,BID,2016-04-01 09:27:13.917,39.17
FIS,ASK,2016-04-01 09:27:14.167,63.95
DTE,BID,2016-04-01 09:27:14.168,89.71
DVA,BID,2016-04-01 09:27:14.168,72.13
ETN,ASK,2016-04-01 09:27:14.169,62.57
CMCSA,BID,2016-04-01 09:27:14.417,59.8
BCR,BID,2016-04-01 09:27:14.418,185.37
TE,BID,2016-04-01 09:27:14.418,27.45
NBL,BID,2016-04-01 09:27:14.419,27.92
FIS,BID,2016-04-01 09:27:14.668,62.5
FAST,ASK,2016-04-01 09:27:14.668,48.98
ETN,ASK,2016-04-01 09:27:14.669,62.76
VAR,BID,2016-04-01 09:27:14.669,78.66
BCR,BID,2016-04-01 09:27:14.989,199.61
KEY,OPEN,2016-04-01 09:27:15.169,10.95
KEY,TRADE,2016-04-01 09:27:15.170,10.95
RF,TRADE,2016-04-01 09:27:15.171,7.75
FIS,BID,2016-04-01 09:27:15.171,62.27
FAST,ASK,2016-04-01 09:27:15.171,49.62
KO,BID,2016-04-01 09:27:15.171,46.01
KEY,BID,2016-04-01 09:27:15.172,10.9
F,BID,2016-04-01 09:27:15.172,13.25
RF,ASK,2016-04-01 09:27:15.172,7.81
ETN,ASK,2016-04-01 09:27:15.172,62.43
VAR,BID,2016-04-01 09:27:15.173,79.12
FB,BID,2016-04-01 09:27:15.670,113.22
FIS,BID,2016-04-01 09:27:15.670,62.04
MAR,BID,2016-04-01 09:27:15.920,66.92
CXO,BID,2016-04-01 09:27:15.921,95.59
FB,BID,2016-04-01 09:27:16.421,113.24
DGX,ASK,2016-04-01 09:27:16.421,71.71
FIS,BID,2016-04-01 09:27:16.422,61.83
MNK,ASK,2016-04-01 09:27:16.921,61.4
GPC,ASK,2016-04-01 09:27:17.172,99.49
FB,BID,2016-04-01 09:27:17.422,113.22
DHR,ASK,2016-04-01 09:27:17.673,95.49
CXO,BID,2016-04-01 09:27:17.923,95.6
MNK,ASK,2016-04-01 09:27:17.923,61.6
TXN,BID,2016-04-01 09:27:18.173,54.97
CI,ASK,2016-04-01 09:27:18.174,137.7
NVDA,ASK,2016-04-01 09:27:18.174,35.76
DHR,ASK,2016-04-01 09:27:18.175,95.24
TE,BID,2016-04-01 09:27:18.423,27.48
MCHP,BID,2016-04-01 09:27:18.424,43.79
LRCX,BID,2016-04-01 09:27:18.674,79.81
MLM,ASK,2016-04-01 09:27:18.674,160.04
AMP,BID,2016-04-01 09:27:18.675,91.12
NLSN,ASK,2016-04-01 09:27:18.675,52.81
FB,BID,2016-04-01 09:27:18.675,113.24
PNR,ASK,2016-04-01 09:27:18.924,54.6
XL,BID,2016-04-01 09:27:18.924,36.44
TROW,BID,2016-04-01 09:27:18.925,71.52
GILD,ASK,2016-04-01 09:27:19.175,92.1
WDC,BID,2016-04-01 09:27:19.175,46.53
MCHP,BID,2016-04-01 09:27:19.175,44.01
LRCX,BID,2016-04-01 09:27:19.175,79.49
SRE,ASK,2016-04-01 09:27:19.425,104.42
LLTC,BID,2016-04-01 09:27:19.675,41.62
LRCX,BID,2016-04-01 09:27:19.676,79.82
CVX,BID,2016-04-01 09:27:19.676,93.54
HAL,BID,2016-04-01 09:27:19.676,34.77
LUK,ASK,2016-04-01 09:27:19.926,16.27
CXO,BID,2016-04-01 09:27:19.926,95.61
STT,BID,2016-04-01 09:27:19.926,53.25
CPB,ASK,2016-04-01 09:27:20.176,65.66
LVLT,ASK,2016-04-01 09:27:20.176,52.73
VRTX,ASK,2016-04-01 09:27:20.177,80.95
CNP,BID,2016-04-01 09:27:20.400,20.3
STT,BID,2016-04-01 09:27:20.401,55.63
BHI,BID,2016-04-01 09:27:20.401,42.32
SRE,ASK,2016-04-01 09:27:20.401,104.76
NBL,BID,2016-04-01 09:27:20.610,27.93
FOX,BID,2016-04-01 09:27:20.611,27.02
PWR,BID,2016-04-01 09:27:20.611,22.19
FB,BID,2016-04-01 09:27:20.612,113.22
GPS,BID,2016-04-01 09:27:20.612,29.02
FOXA,ASK,2016-04-01 09:27:20.862,28.25
FB,BID,2016-04-01 09:27:21.113,113.31
NEM,ASK,2016-04-01 09:27:21.363,26.42
FOXA,ASK,2016-04-01 09:27:21.364,27.9
ESRX,ASK,2016-04-01 09:27:21.364,69.56
LRCX,ASK,2016-04-01 09:27:21.364,83.83
HOT,BID,2016-04-01 09:27:21.613,79.2
NEM,ASK,2016-04-01 09:27:21.864,26.2
ADBE,ASK,2016-04-01 09:27:21.864,94.07
DLTR,ASK,2016-04-01 09:27:21.864,83.0
VRTX,ASK,2016-04-01 09:27:21.865,82.0
ROST,ASK,2016-04-01 09:27:21.865,58.33
YHOO,BID,2016-04-01 09:27:21.865,36.14
YHOO,ASK,2016-04-01 09:27:21.865,36.5
CTXS,ASK,2016-04-01 09:27:21.866,80.39
CVX,BID,2016-04-01 09:27:22.114,93.56
ROST,ASK,2016-04-01 09:27:22.364,58.27
CHRW,BID,2016-04-01 09:27:22.365,69.77
AWK,ASK,2016-04-01 09:27:22.865,69.26
CXO,BID,2016-04-01 09:27:22.866,95.62
DLPH,ASK,2016-04-01 09:27:22.866,75.73
DISCA,BID,2016-04-01 09:27:22.866,27.76
FOX,BID,2016-04-01 09:27:23.116,27.04
DOV,ASK,2016-04-01 09:27:23.116,64.41
IPG,ASK,2016-04-01 09:27:23.366,22.91
CVC,ASK,2016-04-01 09:27:23.366,33.2
DLPH,ASK,2016-04-01 09:27:23.616,75.45
DOV,BID,2016-04-01 09:27:23.616,61.18
DOV,ASK,2016-04-01 09:27:23.616,64.73
FLS,ASK,2016-04-01 09:27:23.617,44.32
COL,ASK,2016-04-01 09:27:23.866,92.67
EQT,ASK,2016-04-01 09:27:23.867,67.5
TXN,ASK,2016-04-01 09:27:23.867,58.62
APA,BID,2016-04-01 09:27:24.117,47.14
DOV,BID,2016-04-01 09:27:24.117,60.95
DOV,ASK,2016-04-01 09:27:24.117,64.28
COL,BID,2016-04-01 09:27:24.367,90.39
CVX,BID,2016-04-01 09:27:24.367,93.7
EQT,ASK,2016-04-01 09:27:24.368,66.36
TIF,ASK,2016-04-01 09:27:24.368,73.73
PX,ASK,2016-04-01 09:27:24.368,115.12
UNP,BID,2016-04-01 09:27:24.368,78.62
PPG,BID,2016-04-01 09:27:24.617,109.73
PRGO,ASK,2016-04-01 09:27:24.617,128.31
ROP,ASK,2016-04-01 09:27:24.618,183.05
KSU,ASK,2016-04-01 09:27:24.618,85.94
NEM,ASK,2016-04-01 09:27:24.618,26.42
DLTR,ASK,2016-04-01 09:27:24.618,83.78
COL,BID,2016-04-01 09:27:24.938,91.2
AKAM,BID,2016-04-01 09:27:24.938,54.54
AKAM,ASK,2016-04-01 09:27:24.938,55.99
COST,BID,2016-04-01 09:27:25.023,156.01
CVX,BID,2016-04-01 09:27:25.023,93.74
PX,ASK,2016-04-01 09:27:25.024,114.62
XEC,BID,2016-04-01 09:27:25.118,93.01
KSU,ASK,2016-04-01 09:27:25.118,85.6
NEM,ASK,2016-04-01 09:27:25.118,26.18
FAST,ASK,2016-04-01 09:27:25.119,49.87
LRCX,ASK,2016-04-01 09:27:25.368,84.0
COST,BID,2016-04-01 09:27:25.369,155.36
NOC,ASK,2016-04-01 09:27:25.369,198.96
DTE,BID,2016-04-01 09:27:25.619,89.86
COST,BID,2016-04-01 09:27:25.869,155.81
PNR,ASK,2016-04-01 09:27:25.869,54.49
STT,BID,2016-04-01 09:27:25.869,55.43
CXO,BID,2016-04-01 09:27:25.870,95.63
NOC,ASK,2016-04-01 09:27:25.870,198.01
RHI,ASK,2016-04-01 09:27:25.870,46.48
ROP,ASK,2016-04-01 09:27:25.871,182.76
XEC,BID,2016-04-01 09:27:25.871,93.02
DLTR,ASK,2016-04-01 09:27:26.119,83.0
RL,ASK,2016-04-01 09:27:26.370,96.71
NBL,BID,2016-04-01 09:27:26.620,27.94
FOX,ASK,2016-04-01 09:27:26.620,28.67
SLB,ASK,2016-04-01 09:27:26.621,72.74
CAM,ASK,2016-04-01 09:27:26.870,66.47
RL,ASK,2016-04-01 09:27:26.870,96.08
MNK,ASK,2016-04-01 09:27:27.120,61.55
STT,BID,2016-04-01 09:27:27.371,55.29
LM,BID,2016-04-01 09:27:27.872,33.51
XEC,ASK,2016-04-01 09:27:27.872,97.73
CXO,BID,2016-04-01 09:27:27.872,95.64
AFL,BID,2016-04-01 09:27:27.872,61.81
AKAM,ASK,2016-04-01 09:27:28.122,55.92
PGR,ASK,2016-04-01 09:27:28.122,35.29
SJM,ASK,2016-04-01 09:27:28.373,130.97
BWA,ASK,2016-04-01 09:27:28.373,38.52
XEC,BID,2016-04-01 09:27:28.373,93.45
AFL,BID,2016-04-01 09:27:28.373,62.14
LYB,ASK,2016-04-01 09:27:28.374,85.54
V,BID,2016-04-01 09:27:28.623,75.83
V,ASK,2016-04-01 09:27:28.623,76.42
BLK,ASK,2016-04-01 09:27:28.624,355.04
SJM,ASK,2016-04-01 09:27:28.873,130.14
XEC,BID,2016-04-01 09:27:28.873,93.0
XEC,ASK,2016-04-01 09:27:28.873,96.67
PGR,ASK,2016-04-01 09:27:28.874,35.18
MON,ASK,2016-04-01 09:27:28.874,88.18
DE,BID,2016-04-01 09:27:29.123,76.16
ROP,ASK,2016-04-01 09:27:29.124,182.75
NEM,ASK,2016-04-01 09:27:29.125,26.42
CPB,ASK,2016-04-01 09:27:29.125,65.65
V,ASK,2016-04-01 09:27:29.125,76.36
CMCSA,BID,2016-04-01 09:27:29.126,59.75
BLK,ASK,2016-04-01 09:27:29.126,339.56
FCX,BID,2016-04-01 09:27:29.374,9.93
CI,ASK,2016-04-01 09:27:29.375,137.48
CSCO,ASK,2016-04-01 09:27:29.375,28.37
NRG,ASK,2016-04-01 09:27:29.375,13.17
DG,BID,2016-04-01 09:27:29.376,83.74
AFL,ASK,2016-04-01 09:27:29.376,63.17
RCL,ASK,2016-04-01 09:27:29.376,82.09
ECL,BID,2016-04-01 09:27:29.624,109.91
NEM,ASK,2016-04-01 09:27:29.624,26.17
TMK,BID,2016-04-01 09:27:29.624,53.62
TIF,ASK,2016-04-01 09:27:29.625,73.65
MON,ASK,2016-04-01 09:27:29.625,87.8
TYC,ASK,2016-04-01 09:27:29.625,36.69
MCO,ASK,2016-04-01 09:27:29.625,96.93
VFC,BID,2016-04-01 09:27:29.625,63.64
SJM,BID,2016-04-01 09:27:29.874,128.61
GPS,ASK,2016-04-01 09:27:29.875,29.46
DG,BID,2016-04-01 09:27:29.875,84.73
HPE,BID,2016-04-01 09:27:29.875,17.42
PBI,BID,2016-04-01 09:27:29.875,21.22
BXLT,TRADE,2016-04-01 09:27:30.125,40.18
F,TRADE,2016-04-01 09:27:30.125,13.25
ECL,BID,2016-04-01 09:27:30.127,110.09
D,ASK,2016-04-01 09:27:30.127,75.53
BXLT,BID,2016-04-01 09:27:30.127,40.05
F,BID,2016-04-01 09:27:30.128,13.22
VFC,BID,2016-04-01 09:27:30.128,64.02
EL,ASK,2016-04-01 09:27:30.128,94.65
MCO,ASK,2016-04-01 09:27:30.375,96.38
CMCSA,BID,2016-04-01 09:27:30.376,59.8
GPS,ASK,2016-04-01 09:27:30.376,29.39
HPE,BID,2016-04-01 09:27:30.377,17.54
BXLT,BID,2016-04-01 09:27:30.626,40.18
TMK,BID,2016-04-01 09:27:30.627,53.47
TMK,ASK,2016-04-01 09:27:30.627,54.67
CXO,BID,2016-04-01 09:27:30.877,95.65
GPC,ASK,2016-04-01 09:27:30.877,99.47
KR,ASK,2016-04-01 09:27:31.127,38.42
TMK,ASK,2016-04-01 09:27:31.127,54.32
LH,BID,2016-04-01 09:27:31.128,115.54
EQT,ASK,2016-04-01 09:27:31.377,66.8
ITW,ASK,2016-04-01 09:27:31.627,102.85
ADS,ASK,2016-04-01 09:27:31.627,230.0
ALLE,ASK,2016-04-01 09:27:31.878,65.04
GPC,BID,2016-04-01 09:27:31.878,94.2
CHK,TRADE,2016-04-01 09:27:32.128,3.94
