ADBE,BID,2016-03-30 09:25:00.327,93.06
AAPL,BID,2016-03-30 09:25:00.411,109.0
CHK,BID,2016-03-30 09:25:00.412,4.16
CNX,BID,2016-03-30 09:25:00.412,11.16
AXP,ASK,2016-03-30 09:25:00.412,61.18
CTXS,BID,2016-03-30 09:25:00.412,77.85
CME,BID,2016-03-30 09:25:00.412,94.84
CAT,BID,2016-03-30 09:25:00.413,76.23
NBL,ASK,2016-03-30 09:25:00.413,31.53
AA,BID,2016-03-30 09:25:00.413,9.84
AA,ASK,2016-03-30 09:25:00.413,9.87
QCOM,BID,2016-03-30 09:25:00.413,50.62
IVZ,BID,2016-03-30 09:25:00.413,30.68
PFG,ASK,2016-03-30 09:25:00.413,42.48
LMT,BID,2016-03-30 09:25:00.577,218.0
KO,BID,2016-03-30 09:25:00.577,46.52
LUK,BID,2016-03-30 09:25:00.577,15.8
MYL,BID,2016-03-30 09:25:00.577,47.28
M,ASK,2016-03-30 09:25:00.578,45.57
MNST,ASK,2016-03-30 09:25:00.578,136.89
MCD,ASK,2016-03-30 09:25:00.578,125.0
BXP,BID,2016-03-30 09:25:00.578,125.75
EMR,ASK,2016-03-30 09:25:00.578,56.25
HCN,BID,2016-03-30 09:25:00.578,69.24
GOOGL,BID,2016-03-30 09:25:00.578,766.06
CSX,BID,2016-03-30 09:25:00.828,25.88
CTXS,BID,2016-03-30 09:25:00.828,77.68
CME,BID,2016-03-30 09:25:00.828,94.63
CME,ASK,2016-03-30 09:25:00.829,97.41
AA,ASK,2016-03-30 09:25:00.829,9.88
SCHW,BID,2016-03-30 09:25:00.829,27.96
LEN,ASK,2016-03-30 09:25:00.829,48.75
SLB,BID,2016-03-30 09:25:00.829,73.05
NOV,BID,2016-03-30 09:25:00.829,31.45
PSX,BID,2016-03-30 09:25:00.829,87.39
TXN,BID,2016-03-30 09:25:00.829,57.15
PFE,ASK,2016-03-30 09:25:00.830,30.23
XEC,ASK,2016-03-30 09:25:00.830,102.72
PFG,ASK,2016-03-30 09:25:00.830,44.98
UNH,ASK,2016-03-30 09:25:00.830,133.06
EQR,ASK,2016-03-30 09:25:00.830,77.09
CINF,ASK,2016-03-30 09:25:01.078,67.4
ADI,BID,2016-03-30 09:25:01.078,56.64
LUK,BID,2016-03-30 09:25:01.079,15.78
HAR,ASK,2016-03-30 09:25:01.079,92.13
BXP,BID,2016-03-30 09:25:01.079,126.31
BBY,BID,2016-03-30 09:25:01.079,31.63
DVN,BID,2016-03-30 09:25:01.079,26.22
D,BID,2016-03-30 09:25:01.079,74.42
GOOGL,ASK,2016-03-30 09:25:01.079,769.0
CME,ASK,2016-03-30 09:25:01.328,97.4
TXT,ASK,2016-03-30 09:25:01.329,36.6
INTC,ASK,2016-03-30 09:25:01.329,32.58
SLB,BID,2016-03-30 09:25:01.329,72.9
CAM,BID,2016-03-30 09:25:01.329,66.69
PFE,ASK,2016-03-30 09:25:01.329,30.24
CTXS,BID,2016-03-30 09:25:01.329,77.51
CSX,BID,2016-03-30 09:25:01.329,25.82
PFG,ASK,2016-03-30 09:25:01.329,42.62
ROST,ASK,2016-03-30 09:25:01.330,59.48
AAP,BID,2016-03-30 09:25:01.578,161.51
HCN,BID,2016-03-30 09:25:01.578,69.13
BBY,BID,2016-03-30 09:25:01.578,31.56
D,ASK,2016-03-30 09:25:01.578,75.0
IVZ,BID,2016-03-30 09:25:01.828,30.53
CME,BID,2016-03-30 09:25:01.829,94.42
PFG,ASK,2016-03-30 09:25:01.829,44.98
ROST,ASK,2016-03-30 09:25:01.829,59.5
OI,ASK,2016-03-30 09:25:02.078,16.6
AAP,BID,2016-03-30 09:25:02.079,162.26
BBY,BID,2016-03-30 09:25:02.329,31.49
SYF,BID,2016-03-30 09:25:02.329,28.35
CME,BID,2016-03-30 09:25:02.330,94.21
HON,ASK,2016-03-30 09:25:02.330,115.3
CSX,BID,2016-03-30 09:25:02.330,25.8
CTXS,BID,2016-03-30 09:25:02.330,77.34
PFG,ASK,2016-03-30 09:25:02.330,42.76
PNR,ASK,2016-03-30 09:25:02.579,55.92
SYF,BID,2016-03-30 09:25:02.830,28.36
FRT,ASK,2016-03-30 09:25:02.830,168.73
PFG,ASK,2016-03-30 09:25:02.830,44.98
BBY,BID,2016-03-30 09:25:03.330,31.42
NBL,ASK,2016-03-30 09:25:03.331,31.52
CME,BID,2016-03-30 09:25:03.331,94.0
CTXS,BID,2016-03-30 09:25:03.331,77.23
FRT,ASK,2016-03-30 09:25:03.331,175.29
PFG,ASK,2016-03-30 09:25:03.331,42.9
KLAC,BID,2016-03-30 09:25:03.581,71.61
ICE,BID,2016-03-30 09:25:03.581,226.15
PRU,BID,2016-03-30 09:25:03.581,71.43
UHS,BID,2016-03-30 09:25:03.831,122.98
AGN,ASK,2016-03-30 09:25:03.832,280.0
NFX,ASK,2016-03-30 09:25:03.832,33.58
XEC,ASK,2016-03-30 09:25:03.832,102.71
FRT,BID,2016-03-30 09:25:03.832,155.58
FRT,ASK,2016-03-30 09:25:03.832,157.84
PFG,ASK,2016-03-30 09:25:03.832,44.98
PNC,ASK,2016-03-30 09:25:03.832,86.71
AIV,ASK,2016-03-30 09:25:04.082,42.5
NEM,ASK,2016-03-30 09:25:04.082,27.5
ICE,BID,2016-03-30 09:25:04.082,234.42
MHK,BID,2016-03-30 09:25:04.082,187.53
K,BID,2016-03-30 09:25:04.083,76.43
SYMC,ASK,2016-03-30 09:25:04.083,18.78
PRU,BID,2016-03-30 09:25:04.083,71.53
AIZ,BID,2016-03-30 09:25:04.332,76.84
BBY,BID,2016-03-30 09:25:04.333,31.35
UHS,BID,2016-03-30 09:25:04.333,122.6
UHS,ASK,2016-03-30 09:25:04.333,127.41
JEC,ASK,2016-03-30 09:25:04.333,44.6
CME,BID,2016-03-30 09:25:04.333,93.79
AGN,ASK,2016-03-30 09:25:04.333,276.48
SCHW,ASK,2016-03-30 09:25:04.333,28.86
FLR,ASK,2016-03-30 09:25:04.333,57.32
PFG,ASK,2016-03-30 09:25:04.333,43.0
FRT,BID,2016-03-30 09:25:04.333,156.07
NFX,ASK,2016-03-30 09:25:04.333,33.02
PNC,ASK,2016-03-30 09:25:04.583,85.64
ES,ASK,2016-03-30 09:25:04.583,-1.0
AIV,ASK,2016-03-30 09:25:04.583,41.95
NEM,ASK,2016-03-30 09:25:04.583,26.85
MHK,BID,2016-03-30 09:25:04.583,188.36
SYMC,ASK,2016-03-30 09:25:04.583,18.8
AVB,BID,2016-03-30 09:25:04.583,189.0
FCX,BID,2016-03-30 09:25:04.583,10.31
UHS,BID,2016-03-30 09:25:04.833,123.93
UHS,ASK,2016-03-30 09:25:04.833,125.18
AIZ,BID,2016-03-30 09:25:04.833,77.13
JEC,ASK,2016-03-30 09:25:04.833,44.11
OI,ASK,2016-03-30 09:25:05.084,16.59
ES,ASK,2016-03-30 09:25:05.084,59.04
HAR,ASK,2016-03-30 09:25:05.084,92.12
MHK,ASK,2016-03-30 09:25:05.084,212.6
AVB,BID,2016-03-30 09:25:05.084,189.52
BBY,BID,2016-03-30 09:25:05.333,31.28
CME,BID,2016-03-30 09:25:05.334,93.66
VFC,ASK,2016-03-30 09:25:05.334,67.5
MHK,ASK,2016-03-30 09:25:05.834,194.81
FCX,BID,2016-03-30 09:25:05.835,10.33
CME,BID,2016-03-30 09:25:05.835,93.58
HCP,BID,2016-03-30 09:25:06.338,32.62
HCN,BID,2016-03-30 09:25:06.338,68.96
PLD,BID,2016-03-30 09:25:06.338,43.58
PLD,ASK,2016-03-30 09:25:06.338,45.04
IRM,BID,2016-03-30 09:25:06.339,33.28
IRM,ASK,2016-03-30 09:25:06.339,34.44
PSA,BID,2016-03-30 09:25:06.339,267.36
PSA,ASK,2016-03-30 09:25:06.339,296.32
BBY,BID,2016-03-30 09:25:06.339,31.25
UDR,BID,2016-03-30 09:25:06.339,37.96
UDR,ASK,2016-03-30 09:25:06.339,39.15
BXP,BID,2016-03-30 09:25:06.339,126.04
BXP,ASK,2016-03-30 09:25:06.339,129.96
VTR,BID,2016-03-30 09:25:06.342,62.98
VTR,ASK,2016-03-30 09:25:06.342,64.79
AVB,BID,2016-03-30 09:25:06.342,189.0
AVB,ASK,2016-03-30 09:25:06.342,-1.0
NBL,ASK,2016-03-30 09:25:06.342,31.51
FRT,BID,2016-03-30 09:25:06.344,155.58
FRT,ASK,2016-03-30 09:25:06.344,168.96
KIM,BID,2016-03-30 09:25:06.345,28.7
KIM,ASK,2016-03-30 09:25:06.345,29.5
CCI,BID,2016-03-30 09:25:06.345,85.94
CCI,ASK,2016-03-30 09:25:06.345,87.73
WY,BID,2016-03-30 09:25:06.345,30.8
MAC,BID,2016-03-30 09:25:06.345,78.8
MAC,ASK,2016-03-30 09:25:06.345,81.45
AIV,BID,2016-03-30 09:25:06.345,41.22
AIV,ASK,2016-03-30 09:25:06.345,42.5
GGP,BID,2016-03-30 09:25:06.345,29.06
GGP,ASK,2016-03-30 09:25:06.345,30.1
HST,BID,2016-03-30 09:25:06.346,16.4
HST,ASK,2016-03-30 09:25:06.346,16.93
CNP,BID,2016-03-30 09:25:06.346,21.02
CNP,ASK,2016-03-30 09:25:06.346,21.5
VNO,BID,2016-03-30 09:25:06.346,93.97
VNO,ASK,2016-03-30 09:25:06.346,96.84
AMT,BID,2016-03-30 09:25:06.346,101.41
ESS,BID,2016-03-30 09:25:06.346,-1.0
ESS,ASK,2016-03-30 09:25:06.346,-1.0
SPG,BID,2016-03-30 09:25:06.346,203.2
SPG,ASK,2016-03-30 09:25:06.346,223.75
SLG,BID,2016-03-30 09:25:06.347,95.98
SLG,ASK,2016-03-30 09:25:06.347,98.79
CME,BID,2016-03-30 09:25:06.347,93.37
HCP,BID,2016-03-30 09:25:06.836,32.51
HCN,BID,2016-03-30 09:25:06.837,68.79
IRM,BID,2016-03-30 09:25:06.837,33.19
IRM,ASK,2016-03-30 09:25:06.837,34.61
BBY,BID,2016-03-30 09:25:06.837,31.21
BXP,BID,2016-03-30 09:25:06.837,125.77
BXP,ASK,2016-03-30 09:25:06.837,130.18
PSA,ASK,2016-03-30 09:25:06.837,307.82
FRT,BID,2016-03-30 09:25:06.837,139.55
FRT,ASK,2016-03-30 09:25:06.839,176.78
KIM,BID,2016-03-30 09:25:06.839,28.63
CCI,BID,2016-03-30 09:25:06.839,85.76
MAC,BID,2016-03-30 09:25:06.839,78.63
MAC,ASK,2016-03-30 09:25:06.839,-1.0
GGP,BID,2016-03-30 09:25:06.839,28.98
GGP,ASK,2016-03-30 09:25:06.839,30.21
HST,BID,2016-03-30 09:25:06.839,16.35
CNP,BID,2016-03-30 09:25:06.839,20.97
SPG,ASK,2016-03-30 09:25:06.839,232.42
AAP,BID,2016-03-30 09:25:06.839,161.92
PLD,BID,2016-03-30 09:25:06.839,43.48
ABC,BID,2016-03-30 09:25:06.840,85.72
FCX,TRADE,2016-03-30 09:25:07.087,10.33
SLG,BID,2016-03-30 09:25:07.087,95.67
UDR,BID,2016-03-30 09:25:07.087,37.87
VNO,BID,2016-03-30 09:25:07.087,93.7
VTR,BID,2016-03-30 09:25:07.087,62.82
WY,BID,2016-03-30 09:25:07.087,30.73
AIV,BID,2016-03-30 09:25:07.087,41.11
AMT,BID,2016-03-30 09:25:07.337,101.19
AVB,BID,2016-03-30 09:25:07.338,186.2
BBY,BID,2016-03-30 09:25:07.338,31.14
MAC,ASK,2016-03-30 09:25:07.338,81.66
BXP,BID,2016-03-30 09:25:07.338,125.5
CCI,BID,2016-03-30 09:25:07.338,85.58
AAP,BID,2016-03-30 09:25:07.338,161.58
CME,BID,2016-03-30 09:25:07.338,93.35
EQT,BID,2016-03-30 09:25:07.338,57.3
CNP,BID,2016-03-30 09:25:07.338,20.92
PLD,ASK,2016-03-30 09:25:07.338,45.16
SLG,ASK,2016-03-30 09:25:07.588,99.12
GGP,BID,2016-03-30 09:25:07.588,28.9
UDR,ASK,2016-03-30 09:25:07.588,39.42
HCN,BID,2016-03-30 09:25:07.588,68.62
HCP,BID,2016-03-30 09:25:07.588,32.4
VNO,ASK,2016-03-30 09:25:07.588,97.23
HST,BID,2016-03-30 09:25:07.588,16.3
IRM,BID,2016-03-30 09:25:07.588,33.1
KIM,BID,2016-03-30 09:25:07.588,28.56
MAC,BID,2016-03-30 09:25:07.837,78.46
MAC,ASK,2016-03-30 09:25:07.838,-1.0
BXP,ASK,2016-03-30 09:25:07.838,130.08
CME,BID,2016-03-30 09:25:07.838,93.16
PLD,BID,2016-03-30 09:25:07.838,43.38
PLD,ASK,2016-03-30 09:25:07.838,45.18
XEC,ASK,2016-03-30 09:25:07.838,102.7
SLG,BID,2016-03-30 09:25:08.088,95.36
SLG,ASK,2016-03-30 09:25:08.089,104.23
GGP,ASK,2016-03-30 09:25:08.089,30.31
UDR,BID,2016-03-30 09:25:08.089,37.78
UDR,ASK,2016-03-30 09:25:08.089,39.53
HAR,ASK,2016-03-30 09:25:08.089,92.11
VNO,BID,2016-03-30 09:25:08.089,93.43
VNO,ASK,2016-03-30 09:25:08.089,97.13
VTR,BID,2016-03-30 09:25:08.089,62.66
WY,BID,2016-03-30 09:25:08.089,30.66
IRM,ASK,2016-03-30 09:25:08.089,34.72
AAP,BID,2016-03-30 09:25:08.089,161.24
LNC,ASK,2016-03-30 09:25:08.089,40.79
AIV,BID,2016-03-30 09:25:08.090,41.0
AMT,BID,2016-03-30 09:25:08.338,100.97
BBY,BID,2016-03-30 09:25:08.341,31.12
MAC,ASK,2016-03-30 09:25:08.341,81.85
BXP,BID,2016-03-30 09:25:08.341,125.23
BXP,ASK,2016-03-30 09:25:08.341,130.02
CCI,BID,2016-03-30 09:25:08.341,85.4
CME,BID,2016-03-30 09:25:08.341,93.12
CNP,BID,2016-03-30 09:25:08.341,20.87
PLD,ASK,2016-03-30 09:25:08.341,45.28
SLG,ASK,2016-03-30 09:25:08.588,99.45
AN,BID,2016-03-30 09:25:08.589,47.96
BAC,BID,2016-03-30 09:25:08.589,13.5
GGP,BID,2016-03-30 09:25:08.589,28.82
GGP,ASK,2016-03-30 09:25:08.589,34.4
HCP,BID,2016-03-30 09:25:08.589,32.32
HCN,BID,2016-03-30 09:25:08.589,68.45
VNO,ASK,2016-03-30 09:25:08.589,97.52
HST,BID,2016-03-30 09:25:08.589,16.26
IRM,BID,2016-03-30 09:25:08.589,33.01
IRM,ASK,2016-03-30 09:25:08.590,36.59
KIM,BID,2016-03-30 09:25:08.590,28.49
AIV,ASK,2016-03-30 09:25:08.839,42.49
PVH,ASK,2016-03-30 09:25:08.839,100.34
MNST,ASK,2016-03-30 09:25:08.839,136.88
VMC,ASK,2016-03-30 09:25:08.839,108.75
ARG,ASK,2016-03-30 09:25:08.839,145.13
AMP,ASK,2016-03-30 09:25:08.839,96.82
BBY,BID,2016-03-30 09:25:08.839,31.07
PRGO,ASK,2016-03-30 09:25:08.839,130.8
MAC,BID,2016-03-30 09:25:08.839,78.29
MAC,ASK,2016-03-30 09:25:08.842,82.04
WDC,ASK,2016-03-30 09:25:08.842,48.85
CME,BID,2016-03-30 09:25:08.842,92.95
PLD,BID,2016-03-30 09:25:08.842,43.28
PLD,ASK,2016-03-30 09:25:08.842,50.0
SLG,BID,2016-03-30 09:25:09.159,95.05
SLG,ASK,2016-03-30 09:25:09.160,106.48
WFC,ASK,2016-03-30 09:25:09.160,48.37
OI,ASK,2016-03-30 09:25:09.160,16.58
GGP,ASK,2016-03-30 09:25:09.160,30.41
UDR,BID,2016-03-30 09:25:09.160,37.69
HCP,BID,2016-03-30 09:25:09.160,32.29
VTR,BID,2016-03-30 09:25:09.160,62.5
VNO,BID,2016-03-30 09:25:09.160,93.16
VNO,ASK,2016-03-30 09:25:09.160,104.41
HST,BID,2016-03-30 09:25:09.160,16.25
WY,BID,2016-03-30 09:25:09.160,30.59
IRM,ASK,2016-03-30 09:25:09.160,34.83
AAP,BID,2016-03-30 09:25:09.161,160.9
AIG,BID,2016-03-30 09:25:09.161,53.56
AMT,BID,2016-03-30 09:25:09.340,100.75
AN,BID,2016-03-30 09:25:09.340,47.81
AIV,BID,2016-03-30 09:25:09.340,40.89
BBY,BID,2016-03-30 09:25:09.340,31.0
FFIV,ASK,2016-03-30 09:25:09.340,106.49
PRGO,ASK,2016-03-30 09:25:09.340,130.79
BXP,BID,2016-03-30 09:25:09.340,124.96
CCI,BID,2016-03-30 09:25:09.340,85.22
WDC,ASK,2016-03-30 09:25:09.340,48.99
CME,BID,2016-03-30 09:25:09.340,92.74
CNP,BID,2016-03-30 09:25:09.340,20.82
PLD,ASK,2016-03-30 09:25:09.340,45.4
SLG,ASK,2016-03-30 09:25:09.590,99.78
WFC,ASK,2016-03-30 09:25:09.590,48.38
GGP,BID,2016-03-30 09:25:09.591,28.74
GGP,ASK,2016-03-30 09:25:09.591,34.4
UDR,ASK,2016-03-30 09:25:09.591,39.64
HCN,BID,2016-03-30 09:25:09.591,68.33
HCP,BID,2016-03-30 09:25:09.591,32.18
ETN,BID,2016-03-30 09:25:09.591,62.19
VNO,ASK,2016-03-30 09:25:09.591,97.81
HST,BID,2016-03-30 09:25:09.591,16.2
IRM,BID,2016-03-30 09:25:09.591,32.92
IRM,ASK,2016-03-30 09:25:09.591,36.59
KIM,BID,2016-03-30 09:25:09.591,28.42
LEN,BID,2016-03-30 09:25:09.591,48.06
MAC,BID,2016-03-30 09:25:09.840,78.25
AEP,ASK,2016-03-30 09:25:09.840,67.73
PLD,BID,2016-03-30 09:25:09.840,43.18
PLD,ASK,2016-03-30 09:25:09.840,50.0
FLR,BID,2016-03-30 09:25:09.840,53.43
HRS,BID,2016-03-30 09:25:09.840,77.56
SLG,BID,2016-03-30 09:25:10.091,94.74
SLG,ASK,2016-03-30 09:25:10.091,106.48
GGP,ASK,2016-03-30 09:25:10.091,30.51
UDR,BID,2016-03-30 09:25:10.091,37.6
UDR,ASK,2016-03-30 09:25:10.091,41.5
VTR,BID,2016-03-30 09:25:10.091,62.34
VNO,BID,2016-03-30 09:25:10.091,92.89
VNO,ASK,2016-03-30 09:25:10.091,109.73
WY,BID,2016-03-30 09:25:10.091,30.52
IRM,ASK,2016-03-30 09:25:10.091,34.94
AAP,BID,2016-03-30 09:25:10.091,160.56
ETN,BID,2016-03-30 09:25:10.091,62.24
AIV,BID,2016-03-30 09:25:10.091,40.78
AMT,BID,2016-03-30 09:25:10.342,100.53
AN,BID,2016-03-30 09:25:10.342,47.66
MAC,BID,2016-03-30 09:25:10.343,78.12
MAC,ASK,2016-03-30 09:25:10.343,82.23
BCR,BID,2016-03-30 09:25:10.343,186.83
HBAN,ASK,2016-03-30 09:25:10.343,9.73
BBY,BID,2016-03-30 09:25:10.343,30.98
NBL,ASK,2016-03-30 09:25:10.343,31.5
MAT,ASK,2016-03-30 09:25:10.343,33.47
BXP,BID,2016-03-30 09:25:10.343,124.85
CCI,BID,2016-03-30 09:25:10.343,85.08
CME,BID,2016-03-30 09:25:10.343,92.72
CNP,BID,2016-03-30 09:25:10.343,20.78
PLD,ASK,2016-03-30 09:25:10.344,45.52
FLR,ASK,2016-03-30 09:25:10.344,57.25
SLG,ASK,2016-03-30 09:25:10.592,100.11
HRS,BID,2016-03-30 09:25:10.593,77.98
NFLX,BID,2016-03-30 09:25:10.593,104.78
HCP,BID,2016-03-30 09:25:10.593,32.16
GGP,BID,2016-03-30 09:25:10.593,28.66
GGP,ASK,2016-03-30 09:25:10.594,34.4
UDR,ASK,2016-03-30 09:25:10.594,39.75
VNO,ASK,2016-03-30 09:25:10.594,98.1
HST,BID,2016-03-30 09:25:10.594,16.18
IRM,BID,2016-03-30 09:25:10.594,32.83
IRM,ASK,2016-03-30 09:25:10.594,36.59
KIM,BID,2016-03-30 09:25:10.594,28.4
MAC,BID,2016-03-30 09:25:10.842,77.95
MAC,ASK,2016-03-30 09:25:10.842,-1.0
BCR,BID,2016-03-30 09:25:10.843,185.0
BBY,BID,2016-03-30 09:25:10.843,30.93
BXP,BID,2016-03-30 09:25:10.843,124.69
CCI,BID,2016-03-30 09:25:10.843,85.04
CME,BID,2016-03-30 09:25:10.843,92.53
CNP,BID,2016-03-30 09:25:10.844,20.77
PLD,BID,2016-03-30 09:25:10.844,43.08
PLD,ASK,2016-03-30 09:25:10.844,50.0
XEC,ASK,2016-03-30 09:25:10.844,102.69
FLR,BID,2016-03-30 09:25:10.844,53.65
SLG,BID,2016-03-30 09:25:11.092,94.43
SLG,ASK,2016-03-30 09:25:11.093,106.48
HCP,BID,2016-03-30 09:25:11.093,32.07
HAR,ASK,2016-03-30 09:25:11.093,92.1
UDR,BID,2016-03-30 09:25:11.093,37.51
UDR,ASK,2016-03-30 09:25:11.093,41.5
GGP,ASK,2016-03-30 09:25:11.093,30.61
VTR,BID,2016-03-30 09:25:11.094,62.25
VNO,BID,2016-03-30 09:25:11.094,92.62
VNO,ASK,2016-03-30 09:25:11.094,105.05
HST,BID,2016-03-30 09:25:11.094,16.15
WY,BID,2016-03-30 09:25:11.094,30.45
IRM,ASK,2016-03-30 09:25:11.094,35.05
AAP,BID,2016-03-30 09:25:11.094,160.22
KIM,BID,2016-03-30 09:25:11.094,28.35
AIV,BID,2016-03-30 09:25:11.094,40.67
AMT,BID,2016-03-30 09:25:11.342,100.31
AN,BID,2016-03-30 09:25:11.343,47.51
MAC,ASK,2016-03-30 09:25:11.343,82.42
BBY,BID,2016-03-30 09:25:11.343,30.86
ORCL,BID,2016-03-30 09:25:11.343,40.64
BXP,BID,2016-03-30 09:25:11.343,124.42
CCI,BID,2016-03-30 09:25:11.343,85.0
CME,BID,2016-03-30 09:25:11.344,92.32
CNP,BID,2016-03-30 09:25:11.344,20.72
SCHW,ASK,2016-03-30 09:25:11.344,28.85
PLD,ASK,2016-03-30 09:25:11.344,45.9
GM,ASK,2016-03-30 09:25:11.344,31.6
SLG,ASK,2016-03-30 09:25:11.593,100.44
HCP,BID,2016-03-30 09:25:11.593,31.96
UDR,ASK,2016-03-30 09:25:11.593,39.86
GGP,BID,2016-03-30 09:25:11.593,28.58
GGP,ASK,2016-03-30 09:25:11.593,34.4
VTR,BID,2016-03-30 09:25:11.593,62.18
VNO,ASK,2016-03-30 09:25:11.593,98.39
HST,BID,2016-03-30 09:25:11.593,16.1
IRM,BID,2016-03-30 09:25:11.593,32.74
IRM,ASK,2016-03-30 09:25:11.593,36.59
KIM,BID,2016-03-30 09:25:11.594,28.28
MAC,BID,2016-03-30 09:25:11.842,77.78
MAC,ASK,2016-03-30 09:25:11.843,-1.0
MNK,BID,2016-03-30 09:25:11.843,61.5
PLD,BID,2016-03-30 09:25:11.843,42.98
PLD,ASK,2016-03-30 09:25:11.843,50.0
GM,ASK,2016-03-30 09:25:11.843,31.58
SLG,BID,2016-03-30 09:25:12.094,94.12
SLG,ASK,2016-03-30 09:25:12.094,106.48
GGP,ASK,2016-03-30 09:25:12.094,30.64
UDR,BID,2016-03-30 09:25:12.094,37.42
UDR,ASK,2016-03-30 09:25:12.094,41.5
VTR,BID,2016-03-30 09:25:12.094,62.14
VNO,BID,2016-03-30 09:25:12.094,92.35
VNO,ASK,2016-03-30 09:25:12.094,105.05
WY,BID,2016-03-30 09:25:12.094,30.38
IRM,ASK,2016-03-30 09:25:12.094,35.16
AAP,BID,2016-03-30 09:25:12.094,159.88
AIV,BID,2016-03-30 09:25:12.095,40.59
AMT,BID,2016-03-30 09:25:12.095,100.09
AN,BID,2016-03-30 09:25:12.344,47.36
MAC,ASK,2016-03-30 09:25:12.344,82.61
CCL,BID,2016-03-30 09:25:12.344,51.58
BBY,BID,2016-03-30 09:25:12.346,30.84
BXP,BID,2016-03-30 09:25:12.346,124.4
CME,BID,2016-03-30 09:25:12.346,92.3
CNP,BID,2016-03-30 09:25:12.346,20.7
PLD,ASK,2016-03-30 09:25:12.346,46.02
SLG,ASK,2016-03-30 09:25:12.594,100.77
AAPL,BID,2016-03-30 09:25:12.594,109.01
GE,BID,2016-03-30 09:25:12.594,31.63
HCP,BID,2016-03-30 09:25:12.594,31.94
GGP,BID,2016-03-30 09:25:12.595,28.5
UDR,ASK,2016-03-30 09:25:12.595,39.97
HST,BID,2016-03-30 09:25:12.595,16.08
VTR,BID,2016-03-30 09:25:12.595,62.02
VNO,ASK,2016-03-30 09:25:12.596,98.76
KIM,BID,2016-03-30 09:25:12.596,28.26
IRM,BID,2016-03-30 09:25:12.596,32.65
IRM,ASK,2016-03-30 09:25:12.596,36.59
AIV,BID,2016-03-30 09:25:12.596,40.56
MAC,BID,2016-03-30 09:25:12.844,77.61
MAC,ASK,2016-03-30 09:25:12.845,-1.0
BBY,BID,2016-03-30 09:25:12.845,30.79
BXP,BID,2016-03-30 09:25:12.845,124.15
CME,BID,2016-03-30 09:25:12.845,92.11
CNP,BID,2016-03-30 09:25:12.845,20.67
PLD,BID,2016-03-30 09:25:12.846,42.88
PLD,ASK,2016-03-30 09:25:12.846,50.0
LYB,BID,2016-03-30 09:25:12.846,84.94
SLG,BID,2016-03-30 09:25:13.165,93.81
SLG,ASK,2016-03-30 09:25:13.166,106.48
HCP,BID,2016-03-30 09:25:13.166,31.85
UDR,BID,2016-03-30 09:25:13.166,37.33
UDR,ASK,2016-03-30 09:25:13.166,41.5
VTR,BID,2016-03-30 09:25:13.166,61.86
HST,BID,2016-03-30 09:25:13.166,16.05
VNO,BID,2016-03-30 09:25:13.167,92.08
VNO,ASK,2016-03-30 09:25:13.167,105.05
WY,BID,2016-03-30 09:25:13.167,30.33
AAP,BID,2016-03-30 09:25:13.167,159.54
KIM,BID,2016-03-30 09:25:13.167,28.21
IRM,ASK,2016-03-30 09:25:13.167,35.27
AIV,BID,2016-03-30 09:25:13.168,40.45
AMT,BID,2016-03-30 09:25:13.168,99.87
AN,BID,2016-03-30 09:25:13.345,47.3
MAC,ASK,2016-03-30 09:25:13.345,82.66
BBY,BID,2016-03-30 09:25:13.345,30.72
NBL,ASK,2016-03-30 09:25:13.346,31.49
BXP,BID,2016-03-30 09:25:13.346,123.88
CME,BID,2016-03-30 09:25:13.346,91.9
CNP,BID,2016-03-30 09:25:13.346,20.65
PLD,ASK,2016-03-30 09:25:13.346,46.14
LYB,BID,2016-03-30 09:25:13.595,85.43
SLG,ASK,2016-03-30 09:25:13.596,101.1
GGP,BID,2016-03-30 09:25:13.596,28.48
HCP,BID,2016-03-30 09:25:13.596,31.74
UDR,ASK,2016-03-30 09:25:13.596,40.08
HST,BID,2016-03-30 09:25:13.596,16.01
VNO,ASK,2016-03-30 09:25:13.597,99.05
WY,BID,2016-03-30 09:25:13.597,30.31
KIM,BID,2016-03-30 09:25:13.597,28.14
IRM,BID,2016-03-30 09:25:13.597,32.56
IRM,ASK,2016-03-30 09:25:13.597,36.59
AN,BID,2016-03-30 09:25:13.846,47.21
MAC,BID,2016-03-30 09:25:13.846,77.44
NUE,BID,2016-03-30 09:25:13.846,46.93
AAPL,BID,2016-03-30 09:25:13.847,109.02
CNP,BID,2016-03-30 09:25:13.847,20.62
ADI,BID,2016-03-30 09:25:13.847,56.49
PLD,BID,2016-03-30 09:25:13.847,42.78
PLD,ASK,2016-03-30 09:25:13.847,50.0
SLG,BID,2016-03-30 09:25:14.096,93.5
SLG,ASK,2016-03-30 09:25:14.098,106.48
OI,ASK,2016-03-30 09:25:14.098,16.57
GGP,BID,2016-03-30 09:25:14.098,28.42
UDR,BID,2016-03-30 09:25:14.099,37.24
UDR,ASK,2016-03-30 09:25:14.099,41.5
VTR,BID,2016-03-30 09:25:14.099,61.84
VNO,BID,2016-03-30 09:25:14.099,91.81
VNO,ASK,2016-03-30 09:25:14.099,105.05
WY,BID,2016-03-30 09:25:14.099,30.26
AAP,BID,2016-03-30 09:25:14.099,159.5
IRM,ASK,2016-03-30 09:25:14.100,35.38
AIV,BID,2016-03-30 09:25:14.100,40.43
AMT,BID,2016-03-30 09:25:14.100,99.65
AN,BID,2016-03-30 09:25:14.347,47.06
BBY,BID,2016-03-30 09:25:14.347,30.7
BXP,BID,2016-03-30 09:25:14.347,123.86
FB,BID,2016-03-30 09:25:14.347,116.62
CME,BID,2016-03-30 09:25:14.347,91.88
CNP,BID,2016-03-30 09:25:14.347,20.57
NUE,BID,2016-03-30 09:25:14.347,47.12
PLD,ASK,2016-03-30 09:25:14.347,46.26
SLG,ASK,2016-03-30 09:25:14.597,101.43
GGP,BID,2016-03-30 09:25:14.597,28.34
HCP,BID,2016-03-30 09:25:14.598,31.72
UDR,ASK,2016-03-30 09:25:14.598,40.19
VTR,BID,2016-03-30 09:25:14.598,61.71
VNO,ASK,2016-03-30 09:25:14.598,99.34
WY,BID,2016-03-30 09:25:14.598,30.24
KIM,BID,2016-03-30 09:25:14.598,28.12
IRM,BID,2016-03-30 09:25:14.598,32.47
IRM,ASK,2016-03-30 09:25:14.598,36.59
AIV,BID,2016-03-30 09:25:14.598,40.34
COF,BID,2016-03-30 09:25:14.598,68.8
MAC,BID,2016-03-30 09:25:14.847,77.42
BBY,BID,2016-03-30 09:25:14.847,30.65
BXP,BID,2016-03-30 09:25:14.848,123.61
CME,BID,2016-03-30 09:25:14.848,91.69
AEE,BID,2016-03-30 09:25:14.848,49.06
XEC,ASK,2016-03-30 09:25:14.848,102.68
PLD,BID,2016-03-30 09:25:14.848,42.68
PLD,ASK,2016-03-30 09:25:14.848,50.0
CVX,TRADE,2016-03-30 09:25:15.099,96.16
FCX,TRADE,2016-03-30 09:25:15.099,10.35
SLG,BID,2016-03-30 09:25:15.100,93.19
SLG,ASK,2016-03-30 09:25:15.100,108.64
HCP,BID,2016-03-30 09:25:15.100,31.63
HAR,ASK,2016-03-30 09:25:15.101,92.09
UDR,BID,2016-03-30 09:25:15.101,37.15
UDR,ASK,2016-03-30 09:25:15.101,41.5
VNO,BID,2016-03-30 09:25:15.101,91.54
VNO,ASK,2016-03-30 09:25:15.101,105.05
KIM,BID,2016-03-30 09:25:15.101,28.07
CVX,BID,2016-03-30 09:25:15.102,95.62
WY,BID,2016-03-30 09:25:15.102,30.17
IRM,ASK,2016-03-30 09:25:15.102,35.49
MA,ASK,2016-03-30 09:25:15.102,93.41
NEM,BID,2016-03-30 09:25:15.103,26.68
WFC,ASK,2016-03-30 09:25:15.103,48.37
AIV,BID,2016-03-30 09:25:15.103,40.23
AMT,BID,2016-03-30 09:25:15.103,99.59
AN,BID,2016-03-30 09:25:15.103,47.04
MAC,BID,2016-03-30 09:25:15.348,77.27
COF,BID,2016-03-30 09:25:15.348,68.88
BBY,BID,2016-03-30 09:25:15.349,30.58
BXP,BID,2016-03-30 09:25:15.349,123.34
ZTS,BID,2016-03-30 09:25:15.349,42.86
CME,BID,2016-03-30 09:25:15.349,91.48
AEE,BID,2016-03-30 09:25:15.349,48.94
PLD,ASK,2016-03-30 09:25:15.349,46.38
CTL,BID,2016-03-30 09:25:15.599,31.08
SLG,ASK,2016-03-30 09:25:15.600,101.69
GGP,BID,2016-03-30 09:25:15.600,28.32
TXN,BID,2016-03-30 09:25:15.600,57.02
HCP,BID,2016-03-30 09:25:15.600,31.52
UDR,ASK,2016-03-30 09:25:15.600,40.3
VNO,ASK,2016-03-30 09:25:15.600,99.63
IRM,BID,2016-03-30 09:25:15.600,32.38
IRM,ASK,2016-03-30 09:25:15.601,36.59
KIM,BID,2016-03-30 09:25:15.601,28.0
NEM,BID,2016-03-30 09:25:15.601,26.53
WFC,ASK,2016-03-30 09:25:15.601,48.38
AMT,BID,2016-03-30 09:25:15.601,99.43
AN,BID,2016-03-30 09:25:15.601,46.91
MAC,BID,2016-03-30 09:25:15.849,77.1
MON,BID,2016-03-30 09:25:15.849,90.42
BBY,BID,2016-03-30 09:25:15.849,30.59
AEE,BID,2016-03-30 09:25:15.850,49.3
ZTS,BID,2016-03-30 09:25:15.850,43.14
PLD,BID,2016-03-30 09:25:15.850,42.58
PLD,ASK,2016-03-30 09:25:15.850,50.0
SLG,BID,2016-03-30 09:25:16.099,92.88
GGP,BID,2016-03-30 09:25:16.099,28.26
UDR,BID,2016-03-30 09:25:16.099,37.06
UDR,ASK,2016-03-30 09:25:16.099,41.5
WY,BID,2016-03-30 09:25:16.099,30.15
VNO,BID,2016-03-30 09:25:16.099,91.27
VNO,ASK,2016-03-30 09:25:16.100,105.05
IRM,ASK,2016-03-30 09:25:16.100,35.6
AIV,BID,2016-03-30 09:25:16.100,40.21
AMT,BID,2016-03-30 09:25:16.100,99.21
AN,BID,2016-03-30 09:25:16.349,46.76
MON,BID,2016-03-30 09:25:16.350,90.21
NEM,ASK,2016-03-30 09:25:16.350,27.5
BXP,BID,2016-03-30 09:25:16.350,123.32
CME,BID,2016-03-30 09:25:16.350,91.46
PLD,ASK,2016-03-30 09:25:16.350,46.5
CTXS,ASK,2016-03-30 09:25:16.600,79.99
CBG,BID,2016-03-30 09:25:16.600,26.93
GGP,BID,2016-03-30 09:25:16.600,28.18
GE,ASK,2016-03-30 09:25:16.600,31.65
AAPL,BID,2016-03-30 09:25:16.600,109.03
HCP,BID,2016-03-30 09:25:16.600,31.5
UDR,ASK,2016-03-30 09:25:16.601,40.41
WY,BID,2016-03-30 09:25:16.601,30.1
VNO,ASK,2016-03-30 09:25:16.601,99.88
KIM,BID,2016-03-30 09:25:16.601,27.98
IRM,BID,2016-03-30 09:25:16.601,32.29
IRM,ASK,2016-03-30 09:25:16.601,36.59
AIV,BID,2016-03-30 09:25:16.602,40.12
MAC,BID,2016-03-30 09:25:16.850,77.08
MON,BID,2016-03-30 09:25:16.850,90.68
NEM,ASK,2016-03-30 09:25:16.850,26.86
BXP,BID,2016-03-30 09:25:16.851,123.07
CME,BID,2016-03-30 09:25:16.851,91.27
PLD,BID,2016-03-30 09:25:16.851,42.48
PLD,ASK,2016-03-30 09:25:16.851,50.0
SLG,BID,2016-03-30 09:25:17.101,92.86
GE,ASK,2016-03-30 09:25:17.101,31.69
HCP,BID,2016-03-30 09:25:17.101,31.41
UDR,BID,2016-03-30 09:25:17.101,36.97
UDR,ASK,2016-03-30 09:25:17.101,41.5
WY,BID,2016-03-30 09:25:17.102,30.06
VNO,BID,2016-03-30 09:25:17.102,91.0
KIM,BID,2016-03-30 09:25:17.102,27.93
ADI,BID,2016-03-30 09:25:17.102,56.51
IRM,ASK,2016-03-30 09:25:17.102,35.71
AIV,BID,2016-03-30 09:25:17.102,40.01
AMT,BID,2016-03-30 09:25:17.102,99.19
AN,BID,2016-03-30 09:25:17.102,46.74
MAC,BID,2016-03-30 09:25:17.352,76.93
NBL,ASK,2016-03-30 09:25:17.352,31.48
BXP,BID,2016-03-30 09:25:17.352,122.8
CBG,BID,2016-03-30 09:25:17.352,26.83
CME,BID,2016-03-30 09:25:17.352,91.06
SCHW,ASK,2016-03-30 09:25:17.352,28.84
PLD,ASK,2016-03-30 09:25:17.352,46.62
CAG,BID,2016-03-30 09:25:17.353,44.15
SLG,BID,2016-03-30 09:25:17.601,92.57
GGP,BID,2016-03-30 09:25:17.601,28.16
GE,ASK,2016-03-30 09:25:17.602,31.64
UDR,ASK,2016-03-30 09:25:17.602,40.52
HCP,BID,2016-03-30 09:25:17.602,31.4
WY,BID,2016-03-30 09:25:17.602,30.03
KIM,BID,2016-03-30 09:25:17.602,27.86
IRM,BID,2016-03-30 09:25:17.602,32.2
IRM,ASK,2016-03-30 09:25:17.602,36.59
AMT,BID,2016-03-30 09:25:17.603,98.99
AN,BID,2016-03-30 09:25:17.603,46.61
MAC,BID,2016-03-30 09:25:17.851,76.91
PVH,BID,2016-03-30 09:25:17.851,96.9
PCLN,BID,2016-03-30 09:25:17.851,1297.86
PLD,BID,2016-03-30 09:25:17.852,42.38
PLD,ASK,2016-03-30 09:25:17.852,50.0
CAT,BID,2016-03-30 09:25:17.852,76.53
SLG,BID,2016-03-30 09:25:18.102,92.26
CAG,BID,2016-03-30 09:25:18.102,44.37
OI,ASK,2016-03-30 09:25:18.102,16.56
TXN,BID,2016-03-30 09:25:18.102,57.04
GGP,BID,2016-03-30 09:25:18.103,28.1
HAR,ASK,2016-03-30 09:25:18.103,92.08
VNO,BID,2016-03-30 09:25:18.103,90.98
UDR,BID,2016-03-30 09:25:18.103,36.88
UDR,ASK,2016-03-30 09:25:18.104,41.5
WY,BID,2016-03-30 09:25:18.104,29.96
IRM,ASK,2016-03-30 09:25:18.104,35.82
AIV,BID,2016-03-30 09:25:18.104,39.99
AMT,BID,2016-03-30 09:25:18.105,98.77
AN,BID,2016-03-30 09:25:18.105,46.46
MAC,BID,2016-03-30 09:25:18.352,76.76
PVH,BID,2016-03-30 09:25:18.352,96.64
BXP,BID,2016-03-30 09:25:18.352,122.78
CBG,BID,2016-03-30 09:25:18.352,26.78
PCLN,BID,2016-03-30 09:25:18.352,1314.0
CME,BID,2016-03-30 09:25:18.353,91.04
HON,ASK,2016-03-30 09:25:18.353,115.53
PLD,ASK,2016-03-30 09:25:18.353,46.74
GGP,BID,2016-03-30 09:25:18.602,28.02
VNO,BID,2016-03-30 09:25:18.603,90.73
UDR,ASK,2016-03-30 09:25:18.603,40.63
KIM,BID,2016-03-30 09:25:18.603,27.84
IRM,BID,2016-03-30 09:25:18.603,32.11
IRM,ASK,2016-03-30 09:25:18.603,36.59
AIV,BID,2016-03-30 09:25:18.604,39.9
MAC,BID,2016-03-30 09:25:18.853,76.59
PVH,BID,2016-03-30 09:25:18.853,97.37
BXP,BID,2016-03-30 09:25:18.853,122.53
CME,BID,2016-03-30 09:25:18.854,90.85
XEC,ASK,2016-03-30 09:25:18.854,102.67
PLD,BID,2016-03-30 09:25:18.854,42.28
PLD,ASK,2016-03-30 09:25:18.854,50.0
PBI,BID,2016-03-30 09:25:18.854,21.01
SLG,BID,2016-03-30 09:25:19.103,92.24
VNO,BID,2016-03-30 09:25:19.104,90.46
UDR,BID,2016-03-30 09:25:19.104,36.79
UDR,ASK,2016-03-30 09:25:19.104,40.74
WY,BID,2016-03-30 09:25:19.104,29.94
KIM,BID,2016-03-30 09:25:19.104,27.79
IRM,ASK,2016-03-30 09:25:19.104,35.93
AIV,BID,2016-03-30 09:25:19.105,39.79
AMT,BID,2016-03-30 09:25:19.105,98.75
AN,BID,2016-03-30 09:25:19.105,46.44
RAI,BID,2016-03-30 09:25:19.353,50.14
BXP,BID,2016-03-30 09:25:19.353,122.26
CME,BID,2016-03-30 09:25:19.354,90.64
PLD,ASK,2016-03-30 09:25:19.354,46.86
SLG,BID,2016-03-30 09:25:19.604,91.95
PBI,BID,2016-03-30 09:25:19.604,21.1
GGP,BID,2016-03-30 09:25:19.604,28.0
WY,BID,2016-03-30 09:25:19.605,29.89
KIM,BID,2016-03-30 09:25:19.605,27.72
IRM,BID,2016-03-30 09:25:19.605,32.02
IRM,ASK,2016-03-30 09:25:19.605,36.59
AMT,BID,2016-03-30 09:25:19.606,98.55
AN,BID,2016-03-30 09:25:19.606,46.31
MAC,BID,2016-03-30 09:25:19.606,76.57
PLD,BID,2016-03-30 09:25:19.854,42.18
PLD,ASK,2016-03-30 09:25:19.855,50.0
SLG,BID,2016-03-30 09:25:20.105,91.91
GGP,BID,2016-03-30 09:25:20.105,27.94
UDR,BID,2016-03-30 09:25:20.105,36.77
VNO,BID,2016-03-30 09:25:20.105,90.44
WY,BID,2016-03-30 09:25:20.105,29.82
MAT,BID,2016-03-30 09:25:20.106,32.08
AIV,BID,2016-03-30 09:25:20.106,39.77
IRM,ASK,2016-03-30 09:25:20.106,36.04
AMT,BID,2016-03-30 09:25:20.106,98.33
AN,BID,2016-03-30 09:25:20.107,46.29
MAC,BID,2016-03-30 09:25:20.108,76.42
FCX,TRADE,2016-03-30 09:25:20.355,10.33
BXP,BID,2016-03-30 09:25:20.355,122.24
CME,BID,2016-03-30 09:25:20.356,90.62
EQT,BID,2016-03-30 09:25:20.356,-1.0
EQT,ASK,2016-03-30 09:25:20.356,-1.0
PLD,ASK,2016-03-30 09:25:20.356,46.98
SLG,BID,2016-03-30 09:25:20.606,91.64
GGP,BID,2016-03-30 09:25:20.606,27.86
UDR,BID,2016-03-30 09:25:20.606,36.7
UDR,ASK,2016-03-30 09:25:20.606,40.85
VNO,BID,2016-03-30 09:25:20.606,90.19
KIM,BID,2016-03-30 09:25:20.606,27.7
AIV,BID,2016-03-30 09:25:20.607,39.68
IRM,BID,2016-03-30 09:25:20.607,31.93
IRM,ASK,2016-03-30 09:25:20.607,36.59
AN,BID,2016-03-30 09:25:20.607,46.16
MAC,BID,2016-03-30 09:25:20.607,76.25
ITW,BID,2016-03-30 09:25:20.856,100.9
BXP,BID,2016-03-30 09:25:20.856,121.99
RIG,BID,2016-03-30 09:25:20.856,8.62
RIG,ASK,2016-03-30 09:25:20.856,8.63
DVN,BID,2016-03-30 09:25:20.856,26.56
CME,BID,2016-03-30 09:25:20.856,90.43
PLD,BID,2016-03-30 09:25:20.856,42.08
PLD,ASK,2016-03-30 09:25:20.857,50.0
RIG,TRADE,2016-03-30 09:25:21.107,8.62
SLG,BID,2016-03-30 09:25:21.108,85.58
UDR,BID,2016-03-30 09:25:21.108,36.68
SEE,BID,2016-03-30 09:25:21.108,48.1
VNO,BID,2016-03-30 09:25:21.108,89.92
WY,BID,2016-03-30 09:25:21.109,29.8
KIM,BID,2016-03-30 09:25:21.109,27.65
ROST,ASK,2016-03-30 09:25:21.109,59.48
IRM,ASK,2016-03-30 09:25:21.109,36.15
AIV,BID,2016-03-30 09:25:21.109,39.57
AMT,BID,2016-03-30 09:25:21.110,98.31
AN,BID,2016-03-30 09:25:21.110,46.01
NBL,ASK,2016-03-30 09:25:21.356,31.47
BXP,BID,2016-03-30 09:25:21.357,121.72
ITW,BID,2016-03-30 09:25:21.357,101.06
RIG,BID,2016-03-30 09:25:21.357,8.61
RIG,ASK,2016-03-30 09:25:21.357,8.62
CME,BID,2016-03-30 09:25:21.357,90.22
PLD,ASK,2016-03-30 09:25:21.358,47.1
RIG,TRADE,2016-03-30 09:25:21.607,8.61
SLG,BID,2016-03-30 09:25:21.607,91.3
GGP,BID,2016-03-30 09:25:21.608,27.84
UDR,BID,2016-03-30 09:25:21.608,36.61
UDR,ASK,2016-03-30 09:25:21.608,40.96
HPQ,BID,2016-03-30 09:25:21.608,12.25
IVZ,BID,2016-03-30 09:25:21.608,30.37
HBAN,BID,2016-03-30 09:25:21.608,9.5
EMR,ASK,2016-03-30 09:25:21.609,56.38
WY,BID,2016-03-30 09:25:21.609,29.75
SEE,BID,2016-03-30 09:25:21.609,48.27
KIM,BID,2016-03-30 09:25:21.609,27.58
IRM,BID,2016-03-30 09:25:21.609,31.84
IRM,ASK,2016-03-30 09:25:21.610,36.59
MAR,BID,2016-03-30 09:25:21.610,69.56
AMT,BID,2016-03-30 09:25:21.610,98.22
MAC,BID,2016-03-30 09:25:21.610,76.23
PLD,BID,2016-03-30 09:25:21.857,41.98
PLD,ASK,2016-03-30 09:25:21.857,50.0
RIG,TRADE,2016-03-30 09:25:22.108,8.62
GGP,BID,2016-03-30 09:25:22.108,27.78
UDR,BID,2016-03-30 09:25:22.108,36.52
UDR,ASK,2016-03-30 09:25:22.108,41.5
HAR,ASK,2016-03-30 09:25:22.109,92.07
VNO,BID,2016-03-30 09:25:22.109,89.9
WY,BID,2016-03-30 09:25:22.109,29.73
AIV,BID,2016-03-30 09:25:22.109,39.55
IRM,ASK,2016-03-30 09:25:22.109,36.26
PEP,BID,2016-03-30 09:25:22.110,100.46
AN,BID,2016-03-30 09:25:22.110,45.99
MAC,BID,2016-03-30 09:25:22.110,76.08
BXP,BID,2016-03-30 09:25:22.357,121.7
CME,BID,2016-03-30 09:25:22.358,90.2
MHK,BID,2016-03-30 09:25:22.358,187.91
PLD,ASK,2016-03-30 09:25:22.358,47.22
GGP,BID,2016-03-30 09:25:22.609,27.74
UDR,ASK,2016-03-30 09:25:22.609,41.07
VNO,BID,2016-03-30 09:25:22.609,89.65
KIM,BID,2016-03-30 09:25:22.609,27.56
WY,BID,2016-03-30 09:25:22.610,29.68
AIV,BID,2016-03-30 09:25:22.610,39.46
IRM,BID,2016-03-30 09:25:22.610,31.75
IRM,ASK,2016-03-30 09:25:22.610,36.59
AN,BID,2016-03-30 09:25:22.610,45.86
MAC,BID,2016-03-30 09:25:22.610,75.91
BXP,BID,2016-03-30 09:25:22.859,121.45
PEP,BID,2016-03-30 09:25:22.859,100.26
CME,BID,2016-03-30 09:25:22.859,90.13
MHK,BID,2016-03-30 09:25:22.859,187.46
XEC,ASK,2016-03-30 09:25:22.859,102.66
PLD,BID,2016-03-30 09:25:22.860,41.88
PLD,ASK,2016-03-30 09:25:22.860,50.0
FTR,BID,2016-03-30 09:25:22.860,5.52
OI,ASK,2016-03-30 09:25:23.180,16.55
GGP,BID,2016-03-30 09:25:23.180,27.7
UDR,BID,2016-03-30 09:25:23.180,36.43
UDR,ASK,2016-03-30 09:25:23.180,41.5
VNO,BID,2016-03-30 09:25:23.180,85.18
SYMC,ASK,2016-03-30 09:25:23.181,18.78
KIM,BID,2016-03-30 09:25:23.181,27.51
WY,BID,2016-03-30 09:25:23.181,29.61
AIV,BID,2016-03-30 09:25:23.181,39.35
IRM,ASK,2016-03-30 09:25:23.181,36.37
HBAN,ASK,2016-03-30 09:25:23.181,9.84
AN,BID,2016-03-30 09:25:23.182,45.71
BXP,BID,2016-03-30 09:25:23.359,121.18
MHK,BID,2016-03-30 09:25:23.359,190.14
NWL,BID,2016-03-30 09:25:23.359,44.73
PLD,ASK,2016-03-30 09:25:23.360,47.34
RAI,BID,2016-03-30 09:25:23.360,50.0
GGP,BID,2016-03-30 09:25:23.610,27.62
UDR,ASK,2016-03-30 09:25:23.610,41.18
VNO,BID,2016-03-30 09:25:23.610,89.6
KIM,BID,2016-03-30 09:25:23.610,27.49
IRM,BID,2016-03-30 09:25:23.610,31.66
IRM,ASK,2016-03-30 09:25:23.610,36.59
MAC,BID,2016-03-30 09:25:23.611,75.89
PEP,BID,2016-03-30 09:25:23.860,100.06
MAT,BID,2016-03-30 09:25:23.860,32.01
STX,BID,2016-03-30 09:25:23.860,33.64
PLD,BID,2016-03-30 09:25:23.860,41.78
PLD,ASK,2016-03-30 09:25:23.860,50.0
UDR,BID,2016-03-30 09:25:24.110,36.34
UDR,ASK,2016-03-30 09:25:24.111,41.5
WY,BID,2016-03-30 09:25:24.111,29.59
KIM,BID,2016-03-30 09:25:24.111,27.44
AIV,BID,2016-03-30 09:25:24.111,39.33
IRM,ASK,2016-03-30 09:25:24.111,36.48
AN,BID,2016-03-30 09:25:24.112,45.69
MAC,BID,2016-03-30 09:25:24.112,75.74
BXP,BID,2016-03-30 09:25:24.361,121.16
SCHW,ASK,2016-03-30 09:25:24.361,28.83
NEM,ASK,2016-03-30 09:25:24.361,27.5
PLD,ASK,2016-03-30 09:25:24.361,47.46
KEY,BID,2016-03-30 09:25:24.362,10.95
GGP,BID,2016-03-30 09:25:24.611,27.6
UDR,ASK,2016-03-30 09:25:24.612,41.29
WY,BID,2016-03-30 09:25:24.612,29.54
KIM,BID,2016-03-30 09:25:24.612,27.37
AIV,BID,2016-03-30 09:25:24.612,39.24
IRM,BID,2016-03-30 09:25:24.612,31.57
IRM,ASK,2016-03-30 09:25:24.612,36.59
AN,BID,2016-03-30 09:25:24.613,45.56
MAC,BID,2016-03-30 09:25:24.613,75.57
BXP,BID,2016-03-30 09:25:24.861,120.91
PEP,BID,2016-03-30 09:25:24.862,100.0
NEM,ASK,2016-03-30 09:25:24.862,26.85
PLD,BID,2016-03-30 09:25:24.862,41.68
PLD,ASK,2016-03-30 09:25:24.862,50.0
KEY,BID,2016-03-30 09:25:25.112,10.99
GGP,BID,2016-03-30 09:25:25.112,27.54
UDR,BID,2016-03-30 09:25:25.112,36.25
UDR,ASK,2016-03-30 09:25:25.112,41.5
WY,BID,2016-03-30 09:25:25.113,29.52
AIV,BID,2016-03-30 09:25:25.113,39.2
IRM,ASK,2016-03-30 09:25:25.113,36.56
AN,BID,2016-03-30 09:25:25.114,45.41
LLL,ASK,2016-03-30 09:25:25.362,121.89
NBL,ASK,2016-03-30 09:25:25.363,31.46
DISCA,BID,2016-03-30 09:25:25.363,27.19
BXP,BID,2016-03-30 09:25:25.363,120.64
PLD,ASK,2016-03-30 09:25:25.364,47.58
GGP,BID,2016-03-30 09:25:25.612,27.46
UDR,ASK,2016-03-30 09:25:25.613,41.4
WY,BID,2016-03-30 09:25:25.613,29.47
KIM,BID,2016-03-30 09:25:25.613,27.35
AIV,BID,2016-03-30 09:25:25.613,39.13
IRM,BID,2016-03-30 09:25:25.614,31.48
MAC,BID,2016-03-30 09:25:25.614,75.55
LLL,ASK,2016-03-30 09:25:25.863,128.53
PLD,BID,2016-03-30 09:25:25.863,41.58
PLD,ASK,2016-03-30 09:25:25.863,50.0
HAR,ASK,2016-03-30 09:25:26.113,92.06
UDR,BID,2016-03-30 09:25:26.113,36.16
UDR,ASK,2016-03-30 09:25:26.114,41.5
WY,BID,2016-03-30 09:25:26.114,29.43
KIM,BID,2016-03-30 09:25:26.114,27.3
AIV,BID,2016-03-30 09:25:26.114,39.02
AN,BID,2016-03-30 09:25:26.114,45.39
CMA,BID,2016-03-30 09:25:26.114,37.67
LLL,ASK,2016-03-30 09:25:26.363,120.0
MAC,BID,2016-03-30 09:25:26.364,75.4
BXP,BID,2016-03-30 09:25:26.364,120.62
PLD,ASK,2016-03-30 09:25:26.364,47.7
GGP,BID,2016-03-30 09:25:26.614,27.44
IRM,BID,2016-03-30 09:25:26.614,31.46
WY,BID,2016-03-30 09:25:26.614,29.4
KIM,BID,2016-03-30 09:25:26.614,27.23
AN,BID,2016-03-30 09:25:26.615,45.26
CMA,BID,2016-03-30 09:25:26.615,37.56
MAC,BID,2016-03-30 09:25:26.864,75.23
BXP,BID,2016-03-30 09:25:26.864,120.37
XEC,ASK,2016-03-30 09:25:26.864,102.65
PLD,BID,2016-03-30 09:25:26.865,41.48
PLD,ASK,2016-03-30 09:25:26.865,50.0
GGP,BID,2016-03-30 09:25:27.115,27.38
UDR,BID,2016-03-30 09:25:27.115,36.14
IRM,BID,2016-03-30 09:25:27.115,31.39
WY,BID,2016-03-30 09:25:27.115,29.36
AIV,BID,2016-03-30 09:25:27.115,39.0
AN,BID,2016-03-30 09:25:27.116,45.11
CMA,BID,2016-03-30 09:25:27.365,37.87
MAC,BID,2016-03-30 09:25:27.365,75.31
BXP,BID,2016-03-30 09:25:27.365,120.1
PLD,ASK,2016-03-30 09:25:27.365,47.82
GGP,BID,2016-03-30 09:25:27.615,27.3
UDR,BID,2016-03-30 09:25:27.616,36.07
IRM,BID,2016-03-30 09:25:27.616,31.35
WY,BID,2016-03-30 09:25:27.616,29.33
KIM,BID,2016-03-30 09:25:27.616,27.21
AIV,BID,2016-03-30 09:25:27.616,38.91
WU,BID,2016-03-30 09:25:27.617,18.92
BXP,BID,2016-03-30 09:25:27.866,120.27
PLD,BID,2016-03-30 09:25:27.866,41.38
PLD,ASK,2016-03-30 09:25:27.866,50.0
GE,TRADE,2016-03-30 09:25:28.117,31.64
OI,ASK,2016-03-30 09:25:28.118,16.54
UDR,BID,2016-03-30 09:25:28.118,35.98
FFIV,ASK,2016-03-30 09:25:28.118,106.5
IRM,BID,2016-03-30 09:25:28.118,31.3
WY,BID,2016-03-30 09:25:28.118,29.26
IP,ASK,2016-03-30 09:25:28.118,42.47
GE,ASK,2016-03-30 09:25:28.119,31.68
KIM,BID,2016-03-30 09:25:28.119,27.16
WDC,ASK,2016-03-30 09:25:28.119,48.85
AIV,BID,2016-03-30 09:25:28.119,38.87
AN,BID,2016-03-30 09:25:28.119,45.09
WU,BID,2016-03-30 09:25:28.366,19.02
EXPE,BID,2016-03-30 09:25:28.367,108.0
CTXS,ASK,2016-03-30 09:25:28.367,80.5
PLD,ASK,2016-03-30 09:25:28.367,47.87
GGP,BID,2016-03-30 09:25:28.617,27.28
IRM,BID,2016-03-30 09:25:28.617,31.21
VLO,BID,2016-03-30 09:25:28.618,65.03
GE,ASK,2016-03-30 09:25:28.618,31.69
KIM,BID,2016-03-30 09:25:28.618,27.09
AIV,BID,2016-03-30 09:25:28.618,38.8
WDC,ASK,2016-03-30 09:25:28.618,48.99
IP,ASK,2016-03-30 09:25:28.619,41.88
AN,BID,2016-03-30 09:25:28.619,44.96
PLD,BID,2016-03-30 09:25:28.867,41.28
GGP,BID,2016-03-30 09:25:29.118,27.22
UDR,BID,2016-03-30 09:25:29.118,35.96
WY,BID,2016-03-30 09:25:29.118,29.24
PH,BID,2016-03-30 09:25:29.118,110.54
VLO,BID,2016-03-30 09:25:29.119,64.84
AIV,BID,2016-03-30 09:25:29.119,38.69
AN,BID,2016-03-30 09:25:29.119,44.81
AAPL,BID,2016-03-30 09:25:29.119,109.02
NBL,ASK,2016-03-30 09:25:29.368,31.45
BXLT,BID,2016-03-30 09:25:29.368,40.24
NKE,BID,2016-03-30 09:25:29.618,61.73
GGP,BID,2016-03-30 09:25:29.619,27.18
UDR,BID,2016-03-30 09:25:29.619,35.89
IRM,BID,2016-03-30 09:25:29.619,31.19
WY,BID,2016-03-30 09:25:29.619,29.19
KIM,BID,2016-03-30 09:25:29.620,27.07
PH,BID,2016-03-30 09:25:29.620,110.94
PLD,BID,2016-03-30 09:25:29.868,41.26
FCX,TRADE,2016-03-30 09:25:30.120,10.35
NKE,BID,2016-03-30 09:25:30.121,61.55
GGP,BID,2016-03-30 09:25:30.121,27.14
UDR,BID,2016-03-30 09:25:30.121,35.85
HAR,ASK,2016-03-30 09:25:30.122,92.05
VLO,BID,2016-03-30 09:25:30.122,64.65
IRM,BID,2016-03-30 09:25:30.122,31.12
WY,BID,2016-03-30 09:25:30.122,29.15
CMI,ASK,2016-03-30 09:25:30.123,110.69
KIM,BID,2016-03-30 09:25:30.123,27.02
AIV,BID,2016-03-30 09:25:30.123,38.67
AN,BID,2016-03-30 09:25:30.123,44.79
PLD,BID,2016-03-30 09:25:30.369,41.18
GGP,BID,2016-03-30 09:25:30.620,27.06
UDR,BID,2016-03-30 09:25:30.621,35.8
FOXA,ASK,2016-03-30 09:25:30.621,28.62
IRM,BID,2016-03-30 09:25:30.621,31.08
WY,BID,2016-03-30 09:25:30.621,29.12
AIV,BID,2016-03-30 09:25:30.621,38.58
AN,BID,2016-03-30 09:25:30.622,44.66
PLD,BID,2016-03-30 09:25:30.870,41.08
XEC,ASK,2016-03-30 09:25:30.870,102.64
UDR,BID,2016-03-30 09:25:31.121,35.71
VLO,BID,2016-03-30 09:25:31.122,64.6
IRM,BID,2016-03-30 09:25:31.122,31.03
WY,BID,2016-03-30 09:25:31.122,29.05
AN,BID,2016-03-30 09:25:31.122,44.51
AIV,BID,2016-03-30 09:25:31.122,38.47
RIG,ASK,2016-03-30 09:25:31.123,8.63
GGP,BID,2016-03-30 09:25:31.621,27.04
IRM,BID,2016-03-30 09:25:31.621,31.0
RIG,BID,2016-03-30 09:25:31.621,8.62
PLD,BID,2016-03-30 09:25:31.871,41.06
GGP,BID,2016-03-30 09:25:32.122,26.98
UDR,BID,2016-03-30 09:25:32.122,35.69
WY,BID,2016-03-30 09:25:32.122,29.03
AIV,BID,2016-03-30 09:25:32.123,38.45
AN,BID,2016-03-30 09:25:32.123,44.49
BAC,TRADE,2016-03-30 09:25:32.372,13.51
PLD,BID,2016-03-30 09:25:32.373,40.98
SCHW,ASK,2016-03-30 09:25:32.373,28.82
ROST,ASK,2016-03-30 09:25:32.373,59.5
GGP,BID,2016-03-30 09:25:32.623,26.9
UDR,BID,2016-03-30 09:25:32.623,35.62
WY,BID,2016-03-30 09:25:32.623,29.0
AIV,BID,2016-03-30 09:25:32.623,38.36
AN,BID,2016-03-30 09:25:32.624,44.36
EMR,BID,2016-03-30 09:25:32.624,54.16
PLD,BID,2016-03-30 09:25:32.873,40.94
FLR,BID,2016-03-30 09:25:33.193,53.51
OI,ASK,2016-03-30 09:25:33.194,16.53
UDR,BID,2016-03-30 09:25:33.194,35.53
AIV,BID,2016-03-30 09:25:33.194,38.25
AN,BID,2016-03-30 09:25:33.194,44.34
NBL,ASK,2016-03-30 09:25:33.373,31.44
EMR,BID,2016-03-30 09:25:33.373,54.38
PLD,BID,2016-03-30 09:25:33.374,40.88
FLR,BID,2016-03-30 09:25:33.624,53.37
GGP,BID,2016-03-30 09:25:33.624,26.88
AN,BID,2016-03-30 09:25:33.624,44.21
PLD,BID,2016-03-30 09:25:33.874,40.78
GPS,BID,2016-03-30 09:25:33.874,29.37
FLR,BID,2016-03-30 09:25:34.125,53.79
FLR,ASK,2016-03-30 09:25:34.125,57.18
GGP,BID,2016-03-30 09:25:34.125,26.82
UDR,BID,2016-03-30 09:25:34.126,35.51
HAR,ASK,2016-03-30 09:25:34.126,92.04
HON,BID,2016-03-30 09:25:34.126,111.43
ROST,ASK,2016-03-30 09:25:34.126,59.46
AIV,BID,2016-03-30 09:25:34.126,38.23
AN,BID,2016-03-30 09:25:34.127,44.06
GPS,BID,2016-03-30 09:25:34.626,29.49
UDR,BID,2016-03-30 09:25:34.626,35.44
GGP,BID,2016-03-30 09:25:34.626,26.74
HON,BID,2016-03-30 09:25:34.626,111.2
AIV,BID,2016-03-30 09:25:34.627,38.14
MAR,BID,2016-03-30 09:25:34.627,69.59
SYMC,ASK,2016-03-30 09:25:34.875,18.8
PLD,BID,2016-03-30 09:25:34.876,40.76
UDR,BID,2016-03-30 09:25:35.126,35.35
HON,BID,2016-03-30 09:25:35.126,111.71
AIV,BID,2016-03-30 09:25:35.127,38.03
AN,BID,2016-03-30 09:25:35.127,44.04
MAT,ASK,2016-03-30 09:25:35.127,34.0
PLD,BID,2016-03-30 09:25:35.376,40.68
FFIV,ASK,2016-03-30 09:25:35.378,106.49
GGP,BID,2016-03-30 09:25:35.626,26.72
PLD,BID,2016-03-30 09:25:35.877,40.64
XEC,ASK,2016-03-30 09:25:35.877,102.63
GGP,BID,2016-03-30 09:25:36.128,26.66
UDR,BID,2016-03-30 09:25:36.128,35.33
AIV,BID,2016-03-30 09:25:36.128,38.01
EMN,BID,2016-03-30 09:25:36.128,72.79
RIG,TRADE,2016-03-30 09:25:36.378,8.63
ABT,BID,2016-03-30 09:25:36.378,41.17
PLD,BID,2016-03-30 09:25:36.379,40.58
GGP,BID,2016-03-30 09:25:36.628,26.58
UDR,BID,2016-03-30 09:25:36.628,35.26
AIV,BID,2016-03-30 09:25:36.629,37.92
EMN,BID,2016-03-30 09:25:36.879,73.18
ABT,BID,2016-03-30 09:25:36.879,41.31
PRU,BID,2016-03-30 09:25:36.879,71.43
PLD,BID,2016-03-30 09:25:36.880,40.48
RCL,BID,2016-03-30 09:25:36.880,76.16
UDR,BID,2016-03-30 09:25:37.129,35.22
LNC,ASK,2016-03-30 09:25:37.129,40.78
AIV,BID,2016-03-30 09:25:37.129,37.88
PRU,BID,2016-03-30 09:25:37.379,71.62
ACN,BID,2016-03-30 09:25:37.630,115.02
GGP,BID,2016-03-30 09:25:37.630,26.56
UDR,BID,2016-03-30 09:25:37.631,35.17
PLD,BID,2016-03-30 09:25:37.880,40.46
GGP,BID,2016-03-30 09:25:38.130,26.5
UDR,BID,2016-03-30 09:25:38.130,35.08
NBL,ASK,2016-03-30 09:25:38.381,31.43
FB,ASK,2016-03-30 09:25:38.381,116.69
HON,ASK,2016-03-30 09:25:38.381,115.79
PLD,BID,2016-03-30 09:25:38.381,40.38
GGP,BID,2016-03-30 09:25:38.631,26.42
PLD,BID,2016-03-30 09:25:38.882,40.28
NOC,BID,2016-03-30 09:25:38.882,197.14
PWR,ASK,2016-03-30 09:25:38.882,23.15
DOV,BID,2016-03-30 09:25:38.882,64.3
OI,ASK,2016-03-30 09:25:39.132,16.52
UDR,BID,2016-03-30 09:25:39.132,35.06
HAR,ASK,2016-03-30 09:25:39.132,92.03
DISCA,ASK,2016-03-30 09:25:39.382,29.97
DOV,BID,2016-03-30 09:25:39.382,64.11
PWR,ASK,2016-03-30 09:25:39.382,22.87
GGP,BID,2016-03-30 09:25:39.633,26.4
UDR,BID,2016-03-30 09:25:39.633,34.99
XEC,BID,2016-03-30 09:25:39.633,95.35
CNP,BID,2016-03-30 09:25:39.633,20.52
NOC,BID,2016-03-30 09:25:39.883,196.73
PLD,BID,2016-03-30 09:25:39.883,40.26
DOV,BID,2016-03-30 09:25:39.883,64.57
GGP,BID,2016-03-30 09:25:40.133,26.34
UDR,BID,2016-03-30 09:25:40.133,34.9
XEC,BID,2016-03-30 09:25:40.134,94.97
XEC,ASK,2016-03-30 09:25:40.134,102.35
CNP,BID,2016-03-30 09:25:40.383,20.51
PLD,BID,2016-03-30 09:25:40.384,40.18
MU,TRADE,2016-03-30 09:25:40.634,10.52
GGP,BID,2016-03-30 09:25:40.635,26.26
MU,BID,2016-03-30 09:25:40.635,10.49
MU,ASK,2016-03-30 09:25:40.635,10.59
XEC,BID,2016-03-30 09:25:40.635,96.9
XEC,ASK,2016-03-30 09:25:40.635,103.22
GWW,BID,2016-03-30 09:25:40.884,194.0
PLD,BID,2016-03-30 09:25:40.884,40.08
TMK,BID,2016-03-30 09:25:41.135,47.72
UDR,BID,2016-03-30 09:25:41.135,34.88
DHR,BID,2016-03-30 09:25:41.136,94.72
MU,ASK,2016-03-30 09:25:41.136,10.6
XEC,ASK,2016-03-30 09:25:41.136,103.2
FCX,TRADE,2016-03-30 09:25:41.385,10.33
GWW,BID,2016-03-30 09:25:41.386,229.65
PLD,BID,2016-03-30 09:25:41.386,40.09
SCHW,ASK,2016-03-30 09:25:41.386,28.81
FCX,BID,2016-03-30 09:25:41.386,10.31
GGP,BID,2016-03-30 09:25:41.635,26.24
UDR,BID,2016-03-30 09:25:41.636,34.83
DHR,BID,2016-03-30 09:25:41.636,94.52
LLL,ASK,2016-03-30 09:25:41.886,121.9
CTXS,BID,2016-03-30 09:25:41.886,77.25
ITW,BID,2016-03-30 09:25:41.886,100.84
XEC,ASK,2016-03-30 09:25:41.886,103.19
CBS,BID,2016-03-30 09:25:41.886,54.54
GGP,BID,2016-03-30 09:25:42.136,26.18
DHR,BID,2016-03-30 09:25:42.136,94.99
EIX,BID,2016-03-30 09:25:42.136,71.54
LLL,ASK,2016-03-30 09:25:42.386,120.1
CTXS,BID,2016-03-30 09:25:42.387,77.23
ITW,BID,2016-03-30 09:25:42.387,101.11
CBS,BID,2016-03-30 09:25:42.637,54.72
GGP,BID,2016-03-30 09:25:42.637,26.14
EMR,ASK,2016-03-30 09:25:42.637,56.5
EIX,BID,2016-03-30 09:25:42.887,71.79
PFG,ASK,2016-03-30 09:25:42.888,43.23
XEC,ASK,2016-03-30 09:25:42.888,103.17
AVY,BID,2016-03-30 09:25:42.888,71.84
GGP,BID,2016-03-30 09:25:43.208,26.1
MAT,BID,2016-03-30 09:25:43.208,32.08
HBAN,ASK,2016-03-30 09:25:43.208,9.71
NBL,ASK,2016-03-30 09:25:43.388,31.42
AVY,BID,2016-03-30 09:25:43.388,71.68
GGP,BID,2016-03-30 09:25:43.638,26.02
BBT,BID,2016-03-30 09:25:43.638,33.06
NEM,BID,2016-03-30 09:25:43.889,26.55
XEC,ASK,2016-03-30 09:25:43.889,103.16
AVY,BID,2016-03-30 09:25:43.889,72.12
NOV,BID,2016-03-30 09:25:43.889,31.32
HAR,ASK,2016-03-30 09:25:44.139,92.02
BBT,BID,2016-03-30 09:25:44.139,33.24
ABT,BID,2016-03-30 09:25:44.640,41.22
NOV,BID,2016-03-30 09:25:44.640,31.38
CBG,BID,2016-03-30 09:25:44.640,26.68
GGP,BID,2016-03-30 09:25:44.640,26.0
GPC,BID,2016-03-30 09:25:44.890,98.17
XEC,ASK,2016-03-30 09:25:44.890,103.14
FCX,TRADE,2016-03-30 09:25:45.141,10.35
OI,ASK,2016-03-30 09:25:45.141,16.51
ABT,BID,2016-03-30 09:25:45.142,41.42
CBG,BID,2016-03-30 09:25:45.391,26.58
GPC,BID,2016-03-30 09:25:45.392,98.47
FLS,ASK,2016-03-30 09:25:45.392,45.79
IVZ,BID,2016-03-30 09:25:45.641,30.19
XEC,ASK,2016-03-30 09:25:45.891,103.13
ITW,BID,2016-03-30 09:25:45.892,100.73
PNC,BID,2016-03-30 09:25:46.142,83.9
CBG,BID,2016-03-30 09:25:46.392,26.49
DOW,BID,2016-03-30 09:25:46.392,50.95
HP,BID,2016-03-30 09:25:46.393,56.86
ITW,BID,2016-03-30 09:25:46.643,101.16
PNR,ASK,2016-03-30 09:25:46.643,55.91
PNC,BID,2016-03-30 09:25:46.643,84.11
AMT,BID,2016-03-30 09:25:46.894,98.0
XEC,ASK,2016-03-30 09:25:46.894,103.12
HP,BID,2016-03-30 09:25:46.894,56.59
DISCK,ASK,2016-03-30 09:25:47.144,28.31
DISCA,ASK,2016-03-30 09:25:47.144,30.0
OXY,BID,2016-03-30 09:25:47.144,67.84
CXO,BID,2016-03-30 09:25:47.144,103.65
PSX,ASK,2016-03-30 09:25:47.144,89.0
FITB,BID,2016-03-30 09:25:47.145,16.76
FCX,ASK,2016-03-30 09:25:47.394,10.38
AMT,BID,2016-03-30 09:25:47.394,97.97
HP,BID,2016-03-30 09:25:47.394,57.04
DISCA,ASK,2016-03-30 09:25:47.644,29.96
CXO,BID,2016-03-30 09:25:47.645,103.25
OXY,BID,2016-03-30 09:25:47.645,67.94
PSX,ASK,2016-03-30 09:25:47.645,88.34
JEC,BID,2016-03-30 09:25:47.645,43.42
RRC,ASK,2016-03-30 09:25:47.645,35.03
COG,ASK,2016-03-30 09:25:47.646,23.26
NEM,BID,2016-03-30 09:25:47.895,26.53
XEC,ASK,2016-03-30 09:25:47.895,103.1
CXO,BID,2016-03-30 09:25:48.145,103.95
WDC,ASK,2016-03-30 09:25:48.145,48.85
JEC,BID,2016-03-30 09:25:48.145,43.58
NBL,ASK,2016-03-30 09:25:48.395,31.41
COG,ASK,2016-03-30 09:25:48.395,23.02
RRC,ASK,2016-03-30 09:25:48.645,35.02
XEC,ASK,2016-03-30 09:25:48.896,103.09
AVY,BID,2016-03-30 09:25:49.146,71.96
HAR,ASK,2016-03-30 09:25:49.146,92.01
AVY,BID,2016-03-30 09:25:49.647,71.8
KMB,BID,2016-03-30 09:25:49.647,133.97
RRC,ASK,2016-03-30 09:25:49.647,35.01
RIG,TRADE,2016-03-30 09:25:49.897,8.62
XEC,ASK,2016-03-30 09:25:49.898,103.07
NFLX,TRADE,2016-03-30 09:25:50.148,104.78
AVY,BID,2016-03-30 09:25:50.148,72.18
KMB,BID,2016-03-30 09:25:50.148,133.69
NFLX,BID,2016-03-30 09:25:50.149,104.75
KMB,BID,2016-03-30 09:25:50.648,134.35
RRC,ASK,2016-03-30 09:25:50.649,35.0
CNX,BID,2016-03-30 09:25:50.899,11.11
XEC,ASK,2016-03-30 09:25:50.899,103.06
OI,ASK,2016-03-30 09:25:51.149,16.5
ROST,BID,2016-03-30 09:25:51.149,56.09
SCHW,ASK,2016-03-30 09:25:51.399,28.8
AEE,BID,2016-03-30 09:25:51.650,49.18
TXT,BID,2016-03-30 09:25:51.650,36.0
RRC,ASK,2016-03-30 09:25:51.650,34.99
XEC,ASK,2016-03-30 09:25:51.900,103.05
SCHW,ASK,2016-03-30 09:25:52.151,28.79
AEE,BID,2016-03-30 09:25:52.151,49.37
TXT,BID,2016-03-30 09:25:52.151,35.9
WMB,ASK,2016-03-30 09:25:52.712,16.1
TXT,BID,2016-03-30 09:25:52.712,36.14
RRC,ASK,2016-03-30 09:25:52.712,34.98
XEC,ASK,2016-03-30 09:25:53.033,103.03
SCHW,BID,2016-03-30 09:25:53.033,27.89
LNC,BID,2016-03-30 09:25:53.033,39.64
STI,ASK,2016-03-30 09:25:53.033,37.36
LUK,ASK,2016-03-30 09:25:53.213,16.29
BBBY,ASK,2016-03-30 09:25:53.213,50.0
SLB,BID,2016-03-30 09:25:53.213,72.93
TXN,BID,2016-03-30 09:25:53.213,57.19
PNC,ASK,2016-03-30 09:25:53.213,86.71
COF,ASK,2016-03-30 09:25:53.463,70.0
ADI,BID,2016-03-30 09:25:53.464,56.68
KEY,ASK,2016-03-30 09:25:53.464,11.25
AIZ,BID,2016-03-30 09:25:53.464,76.95
LNC,ASK,2016-03-30 09:25:53.464,40.77
STI,ASK,2016-03-30 09:25:53.714,36.82
EXC,BID,2016-03-30 09:25:53.714,35.29
BK,ASK,2016-03-30 09:25:53.714,37.97
LUK,ASK,2016-03-30 09:25:53.714,16.02
RRC,ASK,2016-03-30 09:25:53.715,34.96
PNC,ASK,2016-03-30 09:25:53.964,85.46
AEP,ASK,2016-03-30 09:25:53.964,67.72
XEC,ASK,2016-03-30 09:25:53.964,103.02
DFS,ASK,2016-03-30 09:25:53.964,50.99
COF,ASK,2016-03-30 09:25:53.965,69.58
SCHW,BID,2016-03-30 09:25:53.965,27.82
KEY,ASK,2016-03-30 09:25:53.965,11.15
AIZ,BID,2016-03-30 09:25:53.965,77.06
LNC,BID,2016-03-30 09:25:53.965,39.66
HIG,ASK,2016-03-30 09:25:53.966,47.51
HAR,ASK,2016-03-30 09:25:54.214,92.0
USB,ASK,2016-03-30 09:25:54.214,40.77
EXC,BID,2016-03-30 09:25:54.215,35.42
BK,ASK,2016-03-30 09:25:54.215,37.36
NBL,ASK,2016-03-30 09:25:54.215,31.4
JPM,BID,2016-03-30 09:25:54.215,59.19
LVLT,ASK,2016-03-30 09:25:54.464,53.88
GS,BID,2016-03-30 09:25:54.465,155.12
DFS,ASK,2016-03-30 09:25:54.465,50.86
HIG,ASK,2016-03-30 09:25:54.465,46.6
WEC,BID,2016-03-30 09:25:54.465,58.88
RRC,ASK,2016-03-30 09:25:54.714,34.95
LVLT,ASK,2016-03-30 09:25:54.965,53.17
GS,BID,2016-03-30 09:25:54.965,155.27
XEC,ASK,2016-03-30 09:25:54.966,103.01
SCHW,BID,2016-03-30 09:25:54.966,27.75
MS,ASK,2016-03-30 09:25:54.966,25.13
WEC,BID,2016-03-30 09:25:55.215,58.98
NFX,ASK,2016-03-30 09:25:55.466,33.48
CERN,ASK,2016-03-30 09:25:55.716,53.78
RRC,ASK,2016-03-30 09:25:55.717,34.94
XEC,ASK,2016-03-30 09:25:55.966,102.99
SCHW,BID,2016-03-30 09:25:55.967,27.68
PVH,BID,2016-03-30 09:25:55.967,97.11
NFX,ASK,2016-03-30 09:25:55.967,33.71
KHC,ASK,2016-03-30 09:25:56.217,79.49
PVH,BID,2016-03-30 09:25:56.467,97.62
NFX,ASK,2016-03-30 09:25:56.467,32.97
RRC,ASK,2016-03-30 09:25:56.717,34.93
CNP,BID,2016-03-30 09:25:56.718,20.47
PFG,ASK,2016-03-30 09:25:56.968,43.47
XEC,ASK,2016-03-30 09:25:56.968,102.98
SCHW,BID,2016-03-30 09:25:56.968,27.61
FOX,BID,2016-03-30 09:25:57.218,27.57
BBY,BID,2016-03-30 09:25:57.218,30.52
HCP,BID,2016-03-30 09:25:57.218,31.3
CNP,BID,2016-03-30 09:25:57.468,20.44
MNST,ASK,2016-03-30 09:25:57.468,134.78
RRC,ASK,2016-03-30 09:25:57.719,34.92
EL,ASK,2016-03-30 09:25:57.719,96.53
HCP,BID,2016-03-30 09:25:57.719,31.29
XEC,ASK,2016-03-30 09:25:57.969,102.97
SCHW,BID,2016-03-30 09:25:57.969,27.54
OI,ASK,2016-03-30 09:25:57.969,16.49
PFG,BID,2016-03-30 09:25:58.219,39.14
EL,ASK,2016-03-30 09:25:58.220,95.29
MAT,BID,2016-03-30 09:25:58.220,32.01
LEN,BID,2016-03-30 09:25:58.470,48.2
PFG,ASK,2016-03-30 09:25:58.720,43.43
RRC,ASK,2016-03-30 09:25:58.720,34.91
BAC,TRADE,2016-03-30 09:25:58.971,13.5
XEC,ASK,2016-03-30 09:25:58.971,102.95
LUV,BID,2016-03-30 09:25:58.972,44.41
UAL,BID,2016-03-30 09:25:58.972,58.42
UAL,ASK,2016-03-30 09:25:58.972,60.19
SCHW,BID,2016-03-30 09:25:58.972,27.5
HP,BID,2016-03-30 09:25:59.221,56.77
PFG,BID,2016-03-30 09:25:59.221,39.41
UAL,BID,2016-03-30 09:25:59.471,58.26
SCHW,BID,2016-03-30 09:25:59.471,27.47
HP,BID,2016-03-30 09:25:59.721,57.11
RRC,ASK,2016-03-30 09:25:59.722,34.9
XEC,ASK,2016-03-30 09:25:59.972,102.94
SCHW,BID,2016-03-30 09:25:59.972,27.41
UAL,BID,2016-03-30 09:25:59.972,58.1
HAR,ASK,2016-03-30 09:26:00.223,91.99
OXY,BID,2016-03-30 09:26:00.223,67.77
FCX,ASK,2016-03-30 09:26:00.223,10.4
PPL,BID,2016-03-30 09:26:00.223,37.35
AWK,BID,2016-03-30 09:26:00.223,68.42
NBL,ASK,2016-03-30 09:26:00.223,31.39
EBAY,BID,2016-03-30 09:26:00.224,24.05
DIS,BID,2016-03-30 09:26:00.472,98.33
DTE,BID,2016-03-30 09:26:00.472,90.33
DTE,ASK,2016-03-30 09:26:00.473,92.99
PNC,BID,2016-03-30 09:26:00.473,83.93
PNC,ASK,2016-03-30 09:26:00.473,86.71
UNP,BID,2016-03-30 09:26:00.723,77.9
OXY,BID,2016-03-30 09:26:00.724,68.0
RRC,ASK,2016-03-30 09:26:00.724,34.89
PPL,BID,2016-03-30 09:26:00.724,37.41
WDC,ASK,2016-03-30 09:26:00.724,48.99
AMT,BID,2016-03-30 09:26:00.973,97.75
XEC,ASK,2016-03-30 09:26:00.973,102.93
UAL,BID,2016-03-30 09:26:00.973,57.94
UNP,BID,2016-03-30 09:26:01.224,79.28
K,BID,2016-03-30 09:26:01.224,76.2
CCL,ASK,2016-03-30 09:26:01.224,52.5
AWK,BID,2016-03-30 09:26:01.224,68.27
AMT,BID,2016-03-30 09:26:01.474,97.69
DIS,BID,2016-03-30 09:26:01.475,98.28
XEC,BID,2016-03-30 09:26:01.475,96.52
ALL,BID,2016-03-30 09:26:01.475,66.65
RRC,ASK,2016-03-30 09:26:01.724,34.88
CCL,ASK,2016-03-30 09:26:01.724,51.7
BXP,BID,2016-03-30 09:26:01.975,120.0
BXP,ASK,2016-03-30 09:26:01.978,130.58
XEC,ASK,2016-03-30 09:26:01.978,102.73
UAL,BID,2016-03-30 09:26:01.978,57.87
UNP,BID,2016-03-30 09:26:01.978,79.41
ALL,BID,2016-03-30 09:26:02.224,66.85
AWK,BID,2016-03-30 09:26:02.225,68.12
BXP,BID,2016-03-30 09:26:02.475,119.71
XEC,BID,2016-03-30 09:26:02.475,96.84
VZ,ASK,2016-03-30 09:26:02.476,54.34
ROST,ASK,2016-03-30 09:26:02.726,59.5
HBAN,ASK,2016-03-30 09:26:02.726,9.82
RRC,ASK,2016-03-30 09:26:02.726,34.87
KEY,BID,2016-03-30 09:26:03.226,10.97
AWK,BID,2016-03-30 09:26:03.226,67.97
KEY,BID,2016-03-30 09:26:03.727,10.94
RRC,ASK,2016-03-30 09:26:03.727,34.86
ZBH,ASK,2016-03-30 09:26:03.977,106.79
EMR,BID,2016-03-30 09:26:03.978,54.42
HON,BID,2016-03-30 09:26:03.978,111.79
WU,ASK,2016-03-30 09:26:04.231,19.37
HCA,BID,2016-03-30 09:26:04.231,77.34
HCA,ASK,2016-03-30 09:26:04.231,78.37
DLPH,BID,2016-03-30 09:26:04.231,73.7
COF,BID,2016-03-30 09:26:04.231,68.89
LNC,BID,2016-03-30 09:26:04.231,39.7
MET,BID,2016-03-30 09:26:04.231,42.54
APC,BID,2016-03-30 09:26:04.231,46.39
CPB,ASK,2016-03-30 09:26:04.231,64.85
KEY,BID,2016-03-30 09:26:04.231,11.0
CMA,BID,2016-03-30 09:26:04.231,37.89
ROST,BID,2016-03-30 09:26:04.231,56.07
COST,BID,2016-03-30 09:26:04.231,155.19
BWA,BID,2016-03-30 09:26:04.231,37.36
NI,BID,2016-03-30 09:26:04.231,23.01
NOV,BID,2016-03-30 09:26:04.231,31.39
NBL,BID,2016-03-30 09:26:04.231,30.2
HBAN,BID,2016-03-30 09:26:04.231,9.52
EIX,ASK,2016-03-30 09:26:04.231,72.5
SCHW,BID,2016-03-30 09:26:04.232,27.7
FLS,BID,2016-03-30 09:26:04.232,44.14
DISCK,BID,2016-03-30 09:26:04.232,25.89
AWK,BID,2016-03-30 09:26:04.232,67.82
FFIV,ASK,2016-03-30 09:26:04.232,106.5
DISCA,BID,2016-03-30 09:26:04.232,27.16
MNST,ASK,2016-03-30 09:26:04.232,136.88
CERN,ASK,2016-03-30 09:26:04.232,54.25
BBBY,ASK,2016-03-30 09:26:04.232,50.77
MAC,BID,2016-03-30 09:26:04.478,75.14
MAC,ASK,2016-03-30 09:26:04.478,83.1
ICE,ASK,2016-03-30 09:26:04.728,236.39
RRC,ASK,2016-03-30 09:26:04.728,34.85
DISCA,BID,2016-03-30 09:26:04.728,27.29
MAC,BID,2016-03-30 09:26:04.979,74.97
OI,ASK,2016-03-30 09:26:04.979,16.48
REGN,BID,2016-03-30 09:26:04.979,364.0
CERN,ASK,2016-03-30 09:26:04.979,54.65
GME,BID,2016-03-30 09:26:05.230,31.16
STX,BID,2016-03-30 09:26:05.231,33.42
LUK,BID,2016-03-30 09:26:05.231,15.79
TWX,BID,2016-03-30 09:26:05.231,72.0
CTXS,BID,2016-03-30 09:26:05.231,77.25
VIAB,BID,2016-03-30 09:26:05.231,39.05
GPS,BID,2016-03-30 09:26:05.231,29.53
GS,BID,2016-03-30 09:26:05.231,155.36
SYF,BID,2016-03-30 09:26:05.231,28.4
CL,BID,2016-03-30 09:26:05.231,69.89
CVS,BID,2016-03-30 09:26:05.231,102.38
MHFI,BID,2016-03-30 09:26:05.231,98.67
ADS,BID,2016-03-30 09:26:05.231,212.3
FITB,BID,2016-03-30 09:26:05.231,16.77
BAX,BID,2016-03-30 09:26:05.231,40.78
HRS,BID,2016-03-30 09:26:05.232,78.08
AWK,BID,2016-03-30 09:26:05.232,67.67
AIZ,BID,2016-03-30 09:26:05.232,77.1
BSX,BID,2016-03-30 09:26:05.232,18.35
BXLT,BID,2016-03-30 09:26:05.232,40.27
WRK,BID,2016-03-30 09:26:05.233,38.87
L,BID,2016-03-30 09:26:05.233,38.25
AME,BID,2016-03-30 09:26:05.233,49.56
PM,BID,2016-03-30 09:26:05.233,98.46
TMO,BID,2016-03-30 09:26:05.233,140.02
IP,BID,2016-03-30 09:26:05.234,41.24
PSX,BID,2016-03-30 09:26:05.234,87.43
PWR,BID,2016-03-30 09:26:05.480,22.46
JNPR,BID,2016-03-30 09:26:05.480,25.61
FMC,BID,2016-03-30 09:26:05.480,41.11
MAC,BID,2016-03-30 09:26:05.730,74.87
RRC,ASK,2016-03-30 09:26:05.730,34.84
HAR,ASK,2016-03-30 09:26:06.230,91.98
AWK,BID,2016-03-30 09:26:06.230,67.56
NBL,ASK,2016-03-30 09:26:06.231,31.38
DE,BID,2016-03-30 09:26:06.480,80.17
VNO,BID,2016-03-30 09:26:06.732,89.01
VNO,ASK,2016-03-30 09:26:06.732,100.47
MLM,ASK,2016-03-30 09:26:06.732,159.25
AIZ,ASK,2016-03-30 09:26:06.733,78.0
SWK,ASK,2016-03-30 09:26:06.733,106.86
RRC,ASK,2016-03-30 09:26:06.733,34.83
RAI,ASK,2016-03-30 09:26:06.733,50.82
SYK,ASK,2016-03-30 09:26:06.733,107.78
AON,ASK,2016-03-30 09:26:06.734,103.67
TXN,BID,2016-03-30 09:26:06.734,57.07
MAS,ASK,2016-03-30 09:26:06.734,31.83
CAT,ASK,2016-03-30 09:26:06.734,76.7
DISCK,BID,2016-03-30 09:26:06.735,25.88
KHC,ASK,2016-03-30 09:26:06.735,79.89
HBAN,BID,2016-03-30 09:26:06.983,9.5
DISCA,BID,2016-03-30 09:26:06.983,27.26
BAX,ASK,2016-03-30 09:26:06.983,41.66
ABT,ASK,2016-03-30 09:26:06.984,41.83
ABBV,ASK,2016-03-30 09:26:06.984,57.68
PFG,ASK,2016-03-30 09:26:06.984,43.68
GPC,ASK,2016-03-30 09:26:06.984,99.41
AEE,ASK,2016-03-30 09:26:06.984,50.3
BBY,ASK,2016-03-30 09:26:06.985,32.03
BBT,ASK,2016-03-30 09:26:06.985,33.71
BCR,ASK,2016-03-30 09:26:06.985,204.33
MJN,ASK,2016-03-30 09:26:06.985,84.58
ALL,ASK,2016-03-30 09:26:06.986,67.82
THC,ASK,2016-03-30 09:26:06.986,29.68
BDX,ASK,2016-03-30 09:26:06.986,152.65
IR,ASK,2016-03-30 09:26:06.986,62.7
NLSN,ASK,2016-03-30 09:26:06.987,52.85
GPS,ASK,2016-03-30 09:26:06.987,29.81
PNW,ASK,2016-03-30 09:26:06.987,75.18
FE,BID,2016-03-30 09:26:06.987,36.14
SHW,ASK,2016-03-30 09:26:07.234,288.91
SIG,ASK,2016-03-30 09:26:07.235,124.21
MLM,ASK,2016-03-30 09:26:07.235,156.26
MPC,ASK,2016-03-30 09:26:07.235,37.67
BLL,ASK,2016-03-30 09:26:07.235,71.64
WRK,ASK,2016-03-30 09:26:07.236,39.42
TSS,ASK,2016-03-30 09:26:07.236,47.31
TSO,ASK,2016-03-30 09:26:07.236,90.9
TSN,ASK,2016-03-30 09:26:07.236,68.22
CVS,ASK,2016-03-30 09:26:07.237,103.31
LEG,ASK,2016-03-30 09:26:07.237,48.73
FIS,ASK,2016-03-30 09:26:07.237,63.58
DD,ASK,2016-03-30 09:26:07.237,64.38
AVY,ASK,2016-03-30 09:26:07.237,73.01
AAP,ASK,2016-03-30 09:26:07.237,164.41
ABC,ASK,2016-03-30 09:26:07.238,87.24
SNA,ASK,2016-03-30 09:26:07.238,160.47
AXP,ASK,2016-03-30 09:26:07.238,61.17
ADS,ASK,2016-03-30 09:26:07.238,214.93
NUE,ASK,2016-03-30 09:26:07.238,47.77
NWL,ASK,2016-03-30 09:26:07.238,45.45
NOC,ASK,2016-03-30 09:26:07.239,198.14
CB,ASK,2016-03-30 09:26:07.239,120.43
CBS,ASK,2016-03-30 09:26:07.239,55.45
CHD,ASK,2016-03-30 09:26:07.239,92.89
KMX,ASK,2016-03-30 09:26:07.239,50.99
LLL,ASK,2016-03-30 09:26:07.240,120.0
LLY,ASK,2016-03-30 09:26:07.240,72.43
WAT,ASK,2016-03-30 09:26:07.484,133.01
LOW,ASK,2016-03-30 09:26:07.484,76.43
DE,ASK,2016-03-30 09:26:07.484,81.27
RHT,ASK,2016-03-30 09:26:07.484,74.25
GLW,BID,2016-03-30 09:26:07.484,20.63
DISCA,BID,2016-03-30 09:26:07.484,27.19
ABT,BID,2016-03-30 09:26:07.484,41.36
HON,ASK,2016-03-30 09:26:07.484,116.07
GPC,BID,2016-03-30 09:26:07.485,98.35
DVA,ASK,2016-03-30 09:26:07.485,73.46
GWW,ASK,2016-03-30 09:26:07.485,233.03
PBI,ASK,2016-03-30 09:26:07.485,21.37
PCG,ASK,2016-03-30 09:26:07.485,59.62
BEN,ASK,2016-03-30 09:26:07.485,39.59
DHR,ASK,2016-03-30 09:26:07.485,96.08
DHI,ASK,2016-03-30 09:26:07.485,31.06
DPS,BID,2016-03-30 09:26:07.485,89.51
HRS,ASK,2016-03-30 09:26:07.485,79.34
OMC,ASK,2016-03-30 09:26:07.485,83.52
MHK,BID,2016-03-30 09:26:07.486,189.69
ORCL,ASK,2016-03-30 09:26:07.486,41.07
GME,BID,2016-03-30 09:26:07.486,30.89
ICE,BID,2016-03-30 09:26:07.486,234.51
GD,ASK,2016-03-30 09:26:07.486,133.21
CPGX,ASK,2016-03-30 09:26:07.486,25.33
PNW,BID,2016-03-30 09:26:07.486,74.27
WHR,ASK,2016-03-30 09:26:07.486,182.0
FE,BID,2016-03-30 09:26:07.486,36.09
MPC,ASK,2016-03-30 09:26:07.733,37.28
RCL,BID,2016-03-30 09:26:07.733,76.71
HIG,BID,2016-03-30 09:26:07.733,46.01
SEE,ASK,2016-03-30 09:26:07.734,48.81
RRC,ASK,2016-03-30 09:26:07.734,34.82
SLB,BID,2016-03-30 09:26:07.734,72.9
PPG,BID,2016-03-30 09:26:07.734,102.81
LVLT,ASK,2016-03-30 09:26:07.734,53.25
KMB,BID,2016-03-30 09:26:07.734,133.79
TSO,BID,2016-03-30 09:26:07.734,89.5
CTXS,BID,2016-03-30 09:26:07.983,77.23
GWW,BID,2016-03-30 09:26:07.984,229.41
RTN,BID,2016-03-30 09:26:07.984,121.99
DHI,BID,2016-03-30 09:26:07.984,30.66
MHK,BID,2016-03-30 09:26:07.984,189.24
MHK,ASK,2016-03-30 09:26:07.984,194.8
NBL,BID,2016-03-30 09:26:07.984,30.14
IR,BID,2016-03-30 09:26:07.984,61.91
LB,ASK,2016-03-30 09:26:07.984,88.03
ICE,ASK,2016-03-30 09:26:07.984,236.94
PEG,BID,2016-03-30 09:26:07.984,46.45
PNW,BID,2016-03-30 09:26:07.984,74.22
WHR,ASK,2016-03-30 09:26:07.984,179.61
FCX,BID,2016-03-30 09:26:08.234,10.3
AEE,BID,2016-03-30 09:26:08.234,49.25
DAL,ASK,2016-03-30 09:26:08.234,49.7
ROP,ASK,2016-03-30 09:26:08.234,184.92
SLB,BID,2016-03-30 09:26:08.235,73.14
NRG,BID,2016-03-30 09:26:08.235,13.24
PPG,BID,2016-03-30 09:26:08.235,102.84
KMB,BID,2016-03-30 09:26:08.235,134.5
PH,BID,2016-03-30 09:26:08.235,111.09
RTN,BID,2016-03-30 09:26:08.484,121.91
DHI,BID,2016-03-30 09:26:08.484,30.62
EIX,BID,2016-03-30 09:26:08.484,71.63
AEE,BID,2016-03-30 09:26:08.734,49.22
RRC,ASK,2016-03-30 09:26:08.734,34.81
MHK,BID,2016-03-30 09:26:08.735,188.79
CAM,BID,2016-03-30 09:26:08.735,66.78
SLB,BID,2016-03-30 09:26:08.735,73.18
TSO,ASK,2016-03-30 09:26:08.735,90.89
FOX,ASK,2016-03-30 09:26:08.736,28.76
FOXA,ASK,2016-03-30 09:26:08.984,28.61
PPG,BID,2016-03-30 09:26:09.304,102.92
AAPL,TRADE,2016-03-30 09:26:09.485,109.02
AAPL,BID,2016-03-30 09:26:09.485,109.01
RRC,ASK,2016-03-30 09:26:09.735,34.8
HOG,OPEN,2016-03-30 09:26:09.985,49.5
HOG,TRADE,2016-03-30 09:26:09.986,49.5
HOG,ASK,2016-03-30 09:26:09.986,49.69
PPG,BID,2016-03-30 09:26:10.235,103.0
ROST,BID,2016-03-30 09:26:10.236,56.11
SLG,BID,2016-03-30 09:26:10.486,90.69
SLG,ASK,2016-03-30 09:26:10.486,102.3
RRC,ASK,2016-03-30 09:26:10.736,34.79
RIG,TRADE,2016-03-30 09:26:10.986,8.61
PVH,BID,2016-03-30 09:26:10.987,97.9
RIG,BID,2016-03-30 09:26:10.987,8.61
RIG,ASK,2016-03-30 09:26:10.987,8.62
PPG,BID,2016-03-30 09:26:11.237,103.08
FOX,BID,2016-03-30 09:26:11.237,27.59
HST,ASK,2016-03-30 09:26:11.237,16.99
NFX,BID,2016-03-30 09:26:11.487,32.26
GM,ASK,2016-03-30 09:26:11.487,31.6
UAL,BID,2016-03-30 09:26:11.488,58.69
UAL,ASK,2016-03-30 09:26:11.488,59.37
LUV,BID,2016-03-30 09:26:11.488,44.44
PPG,BID,2016-03-30 09:26:11.737,100.56
RRC,ASK,2016-03-30 09:26:11.738,34.78
MCO,BID,2016-03-30 09:26:11.738,94.98
MCO,ASK,2016-03-30 09:26:11.738,96.53
NFX,BID,2016-03-30 09:26:11.988,32.1
NFX,ASK,2016-03-30 09:26:11.988,33.27
PVH,BID,2016-03-30 09:26:11.988,98.01
GM,ASK,2016-03-30 09:26:11.988,31.58
CXO,BID,2016-03-30 09:26:11.989,103.98
PPG,BID,2016-03-30 09:26:12.238,100.0
NFX,ASK,2016-03-30 09:26:12.488,32.81
FCX,ASK,2016-03-30 09:26:12.488,10.38
RRC,ASK,2016-03-30 09:26:12.739,34.77
NFX,BID,2016-03-30 09:26:13.059,32.09
HAR,ASK,2016-03-30 09:26:13.060,91.97
NBL,ASK,2016-03-30 09:26:13.239,31.37
HCP,BID,2016-03-30 09:26:13.240,31.19
HOG,BID,2016-03-30 09:26:13.740,49.25
FISV,ASK,2016-03-30 09:26:13.741,102.99
RRC,ASK,2016-03-30 09:26:13.741,34.76
HCP,BID,2016-03-30 09:26:13.991,31.17
MAT,ASK,2016-03-30 09:26:13.991,33.45
OI,ASK,2016-03-30 09:26:13.991,16.47
KHC,ASK,2016-03-30 09:26:14.241,79.49
HOG,BID,2016-03-30 09:26:14.742,49.33
RRC,ASK,2016-03-30 09:26:14.742,34.75
KHC,BID,2016-03-30 09:26:14.742,78.33
FAST,ASK,2016-03-30 09:26:15.242,49.68
TROW,ASK,2016-03-30 09:26:15.492,78.03
CME,BID,2016-03-30 09:26:15.493,89.82
IRM,ASK,2016-03-30 09:26:15.493,36.59
AIV,BID,2016-03-30 09:26:15.743,37.77
VZ,ASK,2016-03-30 09:26:15.744,54.35
RRC,ASK,2016-03-30 09:26:15.744,34.74
BXP,BID,2016-03-30 09:26:15.993,119.07
BXP,ASK,2016-03-30 09:26:15.993,131.22
AIV,BID,2016-03-30 09:26:16.245,37.66
VZ,ASK,2016-03-30 09:26:16.245,54.36
GGP,BID,2016-03-30 09:26:16.245,29.16
GGP,ASK,2016-03-30 09:26:16.245,29.69
HST,BID,2016-03-30 09:26:16.245,16.41
HST,ASK,2016-03-30 09:26:16.246,16.62
PLD,BID,2016-03-30 09:26:16.246,43.64
PLD,ASK,2016-03-30 09:26:16.246,44.27
UDR,BID,2016-03-30 09:26:16.246,38.05
UDR,ASK,2016-03-30 09:26:16.246,38.4
VNO,BID,2016-03-30 09:26:16.247,93.89
VNO,ASK,2016-03-30 09:26:16.247,95.78
FRT,BID,2016-03-30 09:26:16.247,156.02
FRT,ASK,2016-03-30 09:26:16.247,157.63
VTR,BID,2016-03-30 09:26:16.247,63.03
VTR,ASK,2016-03-30 09:26:16.248,63.73
PSA,ASK,2016-03-30 09:26:16.248,296.32
CNP,BID,2016-03-30 09:26:16.248,21.12
CNP,ASK,2016-03-30 09:26:16.248,21.41
HCP,BID,2016-03-30 09:26:16.248,32.73
HCN,BID,2016-03-30 09:26:16.249,68.92
IRM,BID,2016-03-30 09:26:16.249,33.33
IRM,ASK,2016-03-30 09:26:16.249,33.81
SLG,BID,2016-03-30 09:26:16.249,96.21
CCI,BID,2016-03-30 09:26:16.250,86.1
CCI,ASK,2016-03-30 09:26:16.250,87.52
AVB,BID,2016-03-30 09:26:16.250,189.45
AVB,ASK,2016-03-30 09:26:16.250,191.26
SPG,BID,2016-03-30 09:26:16.250,206.24
SPG,ASK,2016-03-30 09:26:16.251,208.98
MAC,BID,2016-03-30 09:26:16.494,79.11
MAC,ASK,2016-03-30 09:26:16.494,80.22
AMT,BID,2016-03-30 09:26:16.495,101.6
KIM,BID,2016-03-30 09:26:16.495,28.65
KIM,ASK,2016-03-30 09:26:16.495,29.02
WY,BID,2016-03-30 09:26:16.495,30.89
ESS,BID,2016-03-30 09:26:16.495,231.77
ESS,ASK,2016-03-30 09:26:16.496,235.58
BXP,BID,2016-03-30 09:26:16.496,126.31
BXP,ASK,2016-03-30 09:26:16.496,127.73
XEC,BID,2016-03-30 09:26:16.496,96.9
AN,BID,2016-03-30 09:26:16.496,43.89
AIV,BID,2016-03-30 09:26:16.745,41.31
AIV,ASK,2016-03-30 09:26:16.745,42.03
RRC,ASK,2016-03-30 09:26:16.745,34.73
PSA,BID,2016-03-30 09:26:16.746,273.62
PSA,ASK,2016-03-30 09:26:16.746,276.88
SLG,ASK,2016-03-30 09:26:16.746,97.39
AAPL,TRADE,2016-03-30 09:26:16.995,109.01
AAPL,BID,2016-03-30 09:26:16.995,109.0
AN,BID,2016-03-30 09:26:17.245,43.76
VZ,ASK,2016-03-30 09:26:17.495,54.35
MAR,BID,2016-03-30 09:26:17.745,69.62
RRC,ASK,2016-03-30 09:26:17.746,34.72
FISV,ASK,2016-03-30 09:26:18.246,103.0
GS,BID,2016-03-30 09:26:18.246,155.27
BEN,ASK,2016-03-30 09:26:18.497,39.55
GE,BID,2016-03-30 09:26:18.747,31.64
VIAB,BID,2016-03-30 09:26:18.747,38.99
NEM,ASK,2016-03-30 09:26:19.247,27.5
NEM,ASK,2016-03-30 09:26:19.748,26.85
RRC,ASK,2016-03-30 09:26:19.748,34.71
HAR,ASK,2016-03-30 09:26:19.998,91.96
NEM,ASK,2016-03-30 09:26:20.249,27.5
STZ,BID,2016-03-30 09:26:20.249,147.55
ABC,BID,2016-03-30 09:26:20.249,85.6
VAR,BID,2016-03-30 09:26:20.250,79.28
VAR,ASK,2016-03-30 09:26:20.250,80.15
CHD,BID,2016-03-30 09:26:20.250,90.75
FLS,ASK,2016-03-30 09:26:20.499,45.78
ADT,BID,2016-03-30 09:26:20.500,41.08
AEP,BID,2016-03-30 09:26:20.500,64.75
AES,BID,2016-03-30 09:26:20.500,11.62
KSS,BID,2016-03-30 09:26:20.500,45.83
KSU,BID,2016-03-30 09:26:20.501,80.57
FOX,BID,2016-03-30 09:26:20.750,27.57
FOXA,ASK,2016-03-30 09:26:20.751,28.62
CLX,BID,2016-03-30 09:26:20.751,126.0
PG,BID,2016-03-30 09:26:20.751,82.3
AIG,BID,2016-03-30 09:26:20.751,52.83
NEM,ASK,2016-03-30 09:26:20.751,26.86
RRC,ASK,2016-03-30 09:26:20.751,34.7
XEC,ASK,2016-03-30 09:26:21.000,102.72
TJX,BID,2016-03-30 09:26:21.000,78.3
PNC,BID,2016-03-30 09:26:21.001,83.88
TMK,BID,2016-03-30 09:26:21.001,47.41
FOXA,ASK,2016-03-30 09:26:21.250,28.6
M,BID,2016-03-30 09:26:21.251,43.81
TSO,ASK,2016-03-30 09:26:21.251,90.85
ARG,BID,2016-03-30 09:26:21.251,139.52
NBL,ASK,2016-03-30 09:26:21.252,31.36
MCD,BID,2016-03-30 09:26:21.252,124.0
TRV,BID,2016-03-30 09:26:21.252,116.28
PVH,BID,2016-03-30 09:26:21.252,97.62
TSN,BID,2016-03-30 09:26:21.253,67.62
FCX,BID,2016-03-30 09:26:21.501,10.28
CVX,BID,2016-03-30 09:26:21.501,95.59
DD,BID,2016-03-30 09:26:21.751,63.63
AXP,BID,2016-03-30 09:26:21.752,60.43
RRC,ASK,2016-03-30 09:26:21.752,34.69
UNH,BID,2016-03-30 09:26:21.752,127.9
UNP,BID,2016-03-30 09:26:21.752,78.2
UNM,BID,2016-03-30 09:26:21.752,27.05
DGX,BID,2016-03-30 09:26:21.752,66.17
XEC,ASK,2016-03-30 09:26:22.002,102.71
BBY,BID,2016-03-30 09:26:22.002,30.4
HD,BID,2016-03-30 09:26:22.002,130.49
HBAN,ASK,2016-03-30 09:26:22.002,9.81
PCG,BID,2016-03-30 09:26:22.002,58.17
VFC,BID,2016-03-30 09:26:22.003,62.08
HIG,BID,2016-03-30 09:26:22.003,45.93
VMC,BID,2016-03-30 09:26:22.003,105.59
FB,ASK,2016-03-30 09:26:22.252,116.7
HOG,BID,2016-03-30 09:26:22.252,49.01
HOT,BID,2016-03-30 09:26:22.252,83.33
DTE,BID,2016-03-30 09:26:22.252,89.37
VZ,BID,2016-03-30 09:26:22.253,54.0
NEM,BID,2016-03-30 09:26:22.253,26.43
FOX,ASK,2016-03-30 09:26:22.253,28.79
HRL,BID,2016-03-30 09:26:22.253,44.5
SCG,BID,2016-03-30 09:26:22.503,68.26
BLL,BID,2016-03-30 09:26:22.503,70.73
NKE,BID,2016-03-30 09:26:22.504,61.52
BMY,BID,2016-03-30 09:26:22.504,63.36
PCG,BID,2016-03-30 09:26:22.504,58.97
PCG,ASK,2016-03-30 09:26:22.504,59.76
NOC,BID,2016-03-30 09:26:22.504,196.13
EIX,BID,2016-03-30 09:26:22.753,71.6
IBM,BID,2016-03-30 09:26:22.753,149.16
C,BID,2016-03-30 09:26:22.753,41.84
UNP,BID,2016-03-30 09:26:22.753,78.21
WMT,BID,2016-03-30 09:26:22.753,67.75
FB,ASK,2016-03-30 09:26:22.754,116.65
FOX,ASK,2016-03-30 09:26:23.073,28.86
IPG,BID,2016-03-30 09:26:23.074,22.02
XEC,ASK,2016-03-30 09:26:23.074,102.7
XEL,BID,2016-03-30 09:26:23.074,40.71
RRC,ASK,2016-03-30 09:26:23.074,34.68
PCG,ASK,2016-03-30 09:26:23.074,59.53
XOM,BID,2016-03-30 09:26:23.075,84.56
OI,ASK,2016-03-30 09:26:23.075,16.46
C,BID,2016-03-30 09:26:23.253,41.78
ROST,ASK,2016-03-30 09:26:23.253,59.46
ETR,BID,2016-03-30 09:26:23.254,78.27
CCE,BID,2016-03-30 09:26:23.254,46.32
AAPL,BID,2016-03-30 09:26:23.503,109.01
UNP,BID,2016-03-30 09:26:23.754,78.22
RRC,ASK,2016-03-30 09:26:23.754,34.67
XEC,ASK,2016-03-30 09:26:24.004,102.69
IPG,BID,2016-03-30 09:26:24.004,22.46
IPG,ASK,2016-03-30 09:26:24.004,22.75
MNST,ASK,2016-03-30 09:26:24.255,134.78
SYMC,ASK,2016-03-30 09:26:24.255,18.76
FOX,ASK,2016-03-30 09:26:24.255,28.74
FOXA,ASK,2016-03-30 09:26:24.255,28.62
UNP,BID,2016-03-30 09:26:24.755,78.23
FOXA,ASK,2016-03-30 09:26:24.755,28.59
HOG,BID,2016-03-30 09:26:24.756,49.05
TROW,ASK,2016-03-30 09:26:24.756,79.2
XEC,ASK,2016-03-30 09:26:25.005,102.68
IVZ,BID,2016-03-30 09:26:25.506,29.99
UNP,BID,2016-03-30 09:26:25.756,78.24
RRC,ASK,2016-03-30 09:26:25.757,34.66
MAT,BID,2016-03-30 09:26:26.257,32.1
TXN,BID,2016-03-30 09:26:26.507,57.19
UNP,BID,2016-03-30 09:26:26.758,78.26
RRC,ASK,2016-03-30 09:26:26.758,34.65
XEC,ASK,2016-03-30 09:26:27.008,102.67
UNP,BID,2016-03-30 09:26:27.759,78.27
RRC,ASK,2016-03-30 09:26:27.759,34.64
XEC,ASK,2016-03-30 09:26:28.009,102.66
HAR,ASK,2016-03-30 09:26:28.010,91.95
FOX,BID,2016-03-30 09:26:28.260,27.54
UNP,BID,2016-03-30 09:26:28.761,78.28
RRC,ASK,2016-03-30 09:26:28.761,34.63
FOX,BID,2016-03-30 09:26:28.761,27.64
XEC,ASK,2016-03-30 09:26:29.011,102.65
CME,BID,2016-03-30 09:26:29.011,89.61
FB,TRADE,2016-03-30 09:26:29.262,116.65
NBL,ASK,2016-03-30 09:26:29.262,31.35
CME,BID,2016-03-30 09:26:29.511,89.47
UNP,BID,2016-03-30 09:26:29.762,78.29
XEC,ASK,2016-03-30 09:26:30.012,102.64
AA,TRADE,2016-03-30 09:26:30.264,9.84
PFE,TRADE,2016-03-30 09:26:30.265,30.14
ESS,ASK,2016-03-30 09:26:30.265,-1.0
GE,BID,2016-03-30 09:26:30.266,31.63
GE,ASK,2016-03-30 09:26:30.266,31.66
VZ,ASK,2016-03-30 09:26:30.266,54.29
PFE,BID,2016-03-30 09:26:30.266,30.1
AN,BID,2016-03-30 09:26:30.513,43.45
ESS,ASK,2016-03-30 09:26:30.764,235.64
UNP,BID,2016-03-30 09:26:30.765,78.3
GE,ASK,2016-03-30 09:26:30.765,31.69
VZ,ASK,2016-03-30 09:26:30.765,54.3
RRC,ASK,2016-03-30 09:26:30.765,34.62
XEC,ASK,2016-03-30 09:26:31.014,102.63
CTXS,ASK,2016-03-30 09:26:31.014,79.95
COST,BID,2016-03-30 09:26:31.265,154.96
CTAS,BID,2016-03-30 09:26:31.515,89.3
CTSH,BID,2016-03-30 09:26:31.515,58.22
DISCA,BID,2016-03-30 09:26:31.515,27.16
ENDP,BID,2016-03-30 09:26:31.515,28.7
ESRX,BID,2016-03-30 09:26:31.516,68.28
FAST,BID,2016-03-30 09:26:31.516,48.4
FOXA,BID,2016-03-30 09:26:31.516,27.39
FSLR,BID,2016-03-30 09:26:31.516,68.81
GILD,BID,2016-03-30 09:26:31.516,92.2
GRMN,BID,2016-03-30 09:26:31.516,39.32
GT,BID,2016-03-30 09:26:31.517,32.18
KHC,BID,2016-03-30 09:26:31.766,78.23
UNP,BID,2016-03-30 09:26:31.766,78.31
LLTC,BID,2016-03-30 09:26:31.766,43.95
MAT,ASK,2016-03-30 09:26:31.766,34.0
MAR,BID,2016-03-30 09:26:31.767,69.55
MDLZ,BID,2016-03-30 09:26:31.767,39.96
RRC,ASK,2016-03-30 09:26:31.767,34.61
NTAP,BID,2016-03-30 09:26:31.767,26.01
NWS,BID,2016-03-30 09:26:31.767,11.99
NWSA,BID,2016-03-30 09:26:31.768,12.32
PBCT,BID,2016-03-30 09:26:31.768,15.85
PCAR,BID,2016-03-30 09:26:31.768,53.98
ROST,BID,2016-03-30 09:26:31.768,56.07
QCOM,BID,2016-03-30 09:26:31.768,50.56
QRVO,BID,2016-03-30 09:26:32.015,47.88
XEC,ASK,2016-03-30 09:26:32.016,102.62
DISCA,BID,2016-03-30 09:26:32.016,27.11
STX,BID,2016-03-30 09:26:32.016,33.39
TRIP,BID,2016-03-30 09:26:32.016,64.46
WFM,BID,2016-03-30 09:26:32.016,31.71
RIG,TRADE,2016-03-30 09:26:32.266,8.62
ZION,BID,2016-03-30 09:26:32.266,22.12
ADBE,BID,2016-03-30 09:26:32.266,92.95
ADSK,BID,2016-03-30 09:26:32.266,55.89
ALXN,BID,2016-03-30 09:26:32.267,133.67
AMAT,BID,2016-03-30 09:26:32.267,20.6
FAST,ASK,2016-03-30 09:26:32.267,49.9
MPC,BID,2016-03-30 09:26:32.517,37.0
BSX,BID,2016-03-30 09:26:32.517,18.37
CBG,BID,2016-03-30 09:26:32.517,26.17
UNP,BID,2016-03-30 09:26:32.766,78.32
RRC,ASK,2016-03-30 09:26:32.767,34.6
RIG,BID,2016-03-30 09:26:32.767,8.62
RIG,ASK,2016-03-30 09:26:32.767,8.63
PFG,ASK,2016-03-30 09:26:32.767,43.97
XEC,ASK,2016-03-30 09:26:33.088,102.61
NEM,ASK,2016-03-30 09:26:33.088,27.5
MPC,BID,2016-03-30 09:26:33.088,37.01
OI,ASK,2016-03-30 09:26:33.088,16.45
FB,ASK,2016-03-30 09:26:33.088,116.7
XLNX,ASK,2016-03-30 09:26:33.089,47.83
ROST,ASK,2016-03-30 09:26:33.268,59.5
ADT,BID,2016-03-30 09:26:33.268,41.09
BBY,BID,2016-03-30 09:26:33.268,30.3
AEP,BID,2016-03-30 09:26:33.268,65.27
AEP,ASK,2016-03-30 09:26:33.269,67.2
AET,ASK,2016-03-30 09:26:33.269,114.93
RIG,BID,2016-03-30 09:26:33.269,8.61
RIG,ASK,2016-03-30 09:26:33.269,8.62
AIG,BID,2016-03-30 09:26:33.518,53.52
AIG,ASK,2016-03-30 09:26:33.518,54.46
NEM,ASK,2016-03-30 09:26:33.518,26.85
AMP,ASK,2016-03-30 09:26:33.519,95.99
XLNX,ASK,2016-03-30 09:26:33.519,48.31
APD,ASK,2016-03-30 09:26:33.519,148.52
SYMC,ASK,2016-03-30 09:26:33.519,18.8
ARG,BID,2016-03-30 09:26:33.520,140.99
ARG,ASK,2016-03-30 09:26:33.520,143.04
UNP,BID,2016-03-30 09:26:33.768,78.33
ADT,BID,2016-03-30 09:26:33.768,41.08
AXP,BID,2016-03-30 09:26:33.768,60.48
XEC,ASK,2016-03-30 09:26:34.018,102.6
BBY,BID,2016-03-30 09:26:34.018,30.47
BLL,BID,2016-03-30 09:26:34.019,70.83
BMY,BID,2016-03-30 09:26:34.019,63.77
BMY,ASK,2016-03-30 09:26:34.019,64.76
ARG,BID,2016-03-30 09:26:34.019,140.88
ARG,ASK,2016-03-30 09:26:34.019,143.15
ADI,BID,2016-03-30 09:26:34.268,56.46
CAM,ASK,2016-03-30 09:26:34.269,67.66
CCE,BID,2016-03-30 09:26:34.519,48.6
CCE,ASK,2016-03-30 09:26:34.519,55.11
CHD,BID,2016-03-30 09:26:34.519,91.89
CLX,BID,2016-03-30 09:26:34.520,126.05
UNP,BID,2016-03-30 09:26:34.769,78.34
AAPL,BID,2016-03-30 09:26:34.769,109.0
RRC,ASK,2016-03-30 09:26:34.770,34.59
DD,BID,2016-03-30 09:26:35.019,63.74
DGX,BID,2016-03-30 09:26:35.020,68.02
RCL,BID,2016-03-30 09:26:35.020,77.61
DLPH,ASK,2016-03-30 09:26:35.020,75.3
DOV,ASK,2016-03-30 09:26:35.270,65.46
DOW,ASK,2016-03-30 09:26:35.270,51.88
DTE,BID,2016-03-30 09:26:35.271,90.19
DTE,ASK,2016-03-30 09:26:35.271,92.19
ROST,ASK,2016-03-30 09:26:35.271,59.44
TSO,ASK,2016-03-30 09:26:35.521,90.84
EMR,ASK,2016-03-30 09:26:35.521,56.2
EQR,ASK,2016-03-30 09:26:35.521,75.9
CPGX,ASK,2016-03-30 09:26:35.521,25.3
RCL,BID,2016-03-30 09:26:35.522,76.71
ETN,ASK,2016-03-30 09:26:35.522,63.28
ETR,BID,2016-03-30 09:26:35.522,78.67
UNP,BID,2016-03-30 09:26:35.771,78.36
RRC,ASK,2016-03-30 09:26:35.772,34.58
FLS,ASK,2016-03-30 09:26:35.772,45.46
XEC,ASK,2016-03-30 09:26:36.021,102.59
RIG,BID,2016-03-30 09:26:36.021,8.62
RIG,ASK,2016-03-30 09:26:36.021,8.63
GIS,ASK,2016-03-30 09:26:36.021,64.2
HAL,ASK,2016-03-30 09:26:36.271,35.75
HAR,ASK,2016-03-30 09:26:36.272,91.84
HD,BID,2016-03-30 09:26:36.272,131.47
VFC,BID,2016-03-30 09:26:36.272,61.78
HIG,BID,2016-03-30 09:26:36.272,45.95
HOG,BID,2016-03-30 09:26:36.522,49.18
HOT,BID,2016-03-30 09:26:36.522,83.4
HRB,ASK,2016-03-30 09:26:36.522,27.12
IBM,BID,2016-03-30 09:26:36.523,149.21
UNP,BID,2016-03-30 09:26:36.773,78.37
NWSA,BID,2016-03-30 09:26:36.773,12.3
NWS,BID,2016-03-30 09:26:36.773,11.97
JWN,ASK,2016-03-30 09:26:36.773,58.88
XEC,ASK,2016-03-30 09:26:37.022,102.58
EQT,BID,2016-03-30 09:26:37.023,66.47
EQT,ASK,2016-03-30 09:26:37.023,67.34
KORS,ASK,2016-03-30 09:26:37.023,56.96
KSS,BID,2016-03-30 09:26:37.023,46.36
KSS,ASK,2016-03-30 09:26:37.023,47.05
KSU,BID,2016-03-30 09:26:37.024,81.74
KSU,ASK,2016-03-30 09:26:37.024,86.5
MHK,BID,2016-03-30 09:26:37.024,190.4
LNC,ASK,2016-03-30 09:26:37.273,40.66
NEM,ASK,2016-03-30 09:26:37.273,27.5
ZION,BID,2016-03-30 09:26:37.273,22.1
MAT,ASK,2016-03-30 09:26:37.274,33.43
M,BID,2016-03-30 09:26:37.274,44.19
M,ASK,2016-03-30 09:26:37.274,45.32
PRGO,ASK,2016-03-30 09:26:37.274,130.8
NWS,BID,2016-03-30 09:26:37.274,12.52
NWS,ASK,2016-03-30 09:26:37.274,13.8
MET,ASK,2016-03-30 09:26:37.275,43.19
MHFI,BID,2016-03-30 09:26:37.523,98.3
NEM,ASK,2016-03-30 09:26:37.773,26.86
UNP,BID,2016-03-30 09:26:37.774,78.38
NBL,ASK,2016-03-30 09:26:37.774,31.29
RRC,ASK,2016-03-30 09:26:37.774,34.57
MHFI,BID,2016-03-30 09:26:38.024,98.73
XEC,ASK,2016-03-30 09:26:38.024,102.57
OI,ASK,2016-03-30 09:26:38.024,16.29
VIAB,BID,2016-03-30 09:26:38.024,39.07
OXY,ASK,2016-03-30 09:26:38.024,69.21
ADI,BID,2016-03-30 09:26:38.274,56.48
MAT,ASK,2016-03-30 09:26:38.274,34.0
PG,BID,2016-03-30 09:26:38.274,82.46
PNC,ASK,2016-03-30 09:26:38.524,85.56
PRU,ASK,2016-03-30 09:26:38.525,72.79
PVH,BID,2016-03-30 09:26:38.525,97.74
PVH,ASK,2016-03-30 09:26:38.525,100.09
RCL,ASK,2016-03-30 09:26:38.525,78.47
UNP,BID,2016-03-30 09:26:38.775,78.39
RRC,ASK,2016-03-30 09:26:38.775,34.56
RL,ASK,2016-03-30 09:26:38.775,99.04
XEC,ASK,2016-03-30 09:26:39.025,102.56
SCG,BID,2016-03-30 09:26:39.025,68.79
SCHW,ASK,2016-03-30 09:26:39.025,28.59
TXN,BID,2016-03-30 09:26:39.275,56.99
TJX,BID,2016-03-30 09:26:39.526,78.37
TMK,BID,2016-03-30 09:26:39.776,47.59
UNP,BID,2016-03-30 09:26:39.776,78.4
TSN,BID,2016-03-30 09:26:39.776,67.79
XEC,ASK,2016-03-30 09:26:40.026,102.55
UNH,BID,2016-03-30 09:26:40.027,129.35
UNH,ASK,2016-03-30 09:26:40.027,131.43
UNM,BID,2016-03-30 09:26:40.027,27.36
VFC,BID,2016-03-30 09:26:40.027,62.34
VFC,ASK,2016-03-30 09:26:40.027,66.46
MMM,ASK,2016-03-30 09:26:40.277,165.5
UNP,BID,2016-03-30 09:26:40.277,79.28
UNP,ASK,2016-03-30 09:26:40.277,80.74
XLNX,ASK,2016-03-30 09:26:40.278,47.83
ROST,BID,2016-03-30 09:26:40.278,56.11
SYMC,ASK,2016-03-30 09:26:40.278,18.74
VZ,BID,2016-03-30 09:26:40.278,54.09
WMT,BID,2016-03-30 09:26:40.278,67.83
BDX,BID,2016-03-30 09:26:40.278,150.99
XEL,BID,2016-03-30 09:26:40.527,40.88
XL,BID,2016-03-30 09:26:40.527,36.6
XOM,BID,2016-03-30 09:26:40.527,84.66
FOX,ASK,2016-03-30 09:26:40.528,28.77
FOXA,ASK,2016-03-30 09:26:40.528,28.62
SYMC,ASK,2016-03-30 09:26:40.778,18.8
VZ,BID,2016-03-30 09:26:40.779,54.1
RRC,ASK,2016-03-30 09:26:40.779,34.55
FOX,ASK,2016-03-30 09:26:41.028,28.74
FOXA,ASK,2016-03-30 09:26:41.028,28.59
MAT,BID,2016-03-30 09:26:41.278,32.01
TRIP,ASK,2016-03-30 09:26:41.529,67.0
RRC,ASK,2016-03-30 09:26:41.779,34.54
XEC,ASK,2016-03-30 09:26:42.029,102.54
DVN,ASK,2016-03-30 09:26:42.029,26.85
RIG,BID,2016-03-30 09:26:42.029,8.61
TRIP,BID,2016-03-30 09:26:42.030,64.56
SYMC,ASK,2016-03-30 09:26:42.279,18.74
SYMC,ASK,2016-03-30 09:26:42.780,18.8
FOX,BID,2016-03-30 09:26:42.780,27.61
XEC,ASK,2016-03-30 09:26:43.101,102.53
HBAN,ASK,2016-03-30 09:26:43.101,9.8
FOX,BID,2016-03-30 09:26:43.281,27.54
PVH,BID,2016-03-30 09:26:43.281,97.62
HBAN,ASK,2016-03-30 09:26:43.531,9.67
RRC,ASK,2016-03-30 09:26:43.781,34.53
XEC,ASK,2016-03-30 09:26:44.032,102.52
FOXA,BID,2016-03-30 09:26:44.032,27.41
FOX,BID,2016-03-30 09:26:44.032,27.51
PRGO,ASK,2016-03-30 09:26:44.033,130.79
PVH,BID,2016-03-30 09:26:44.033,97.74
SYMC,ASK,2016-03-30 09:26:44.282,18.74
BAC,BID,2016-03-30 09:26:44.283,13.49
MA,TRADE,2016-03-30 09:26:44.533,93.41
FOX,BID,2016-03-30 09:26:44.534,27.56
MA,ASK,2016-03-30 09:26:44.534,93.55
SYMC,ASK,2016-03-30 09:26:44.783,18.8
RRC,ASK,2016-03-30 09:26:44.783,34.52
MA,BID,2016-03-30 09:26:45.033,93.28
AA,BID,2016-03-30 09:26:45.284,9.8
AA,ASK,2016-03-30 09:26:45.284,9.87
BAC,ASK,2016-03-30 09:26:45.284,13.5
FCX,ASK,2016-03-30 09:26:45.285,10.4
PFE,ASK,2016-03-30 09:26:45.285,30.19
HIG,BID,2016-03-30 09:26:45.534,45.99
AA,ASK,2016-03-30 09:26:45.784,9.88
PVH,BID,2016-03-30 09:26:45.785,97.62
PVH,ASK,2016-03-30 09:26:45.785,100.34
PFE,ASK,2016-03-30 09:26:45.786,30.24
XEC,ASK,2016-03-30 09:26:45.786,102.51
SYMC,ASK,2016-03-30 09:26:46.285,18.74
CTXS,ASK,2016-03-30 09:26:46.786,80.5
SYMC,ASK,2016-03-30 09:26:46.786,18.8
RRC,ASK,2016-03-30 09:26:46.786,34.51
XEC,ASK,2016-03-30 09:26:46.786,102.5
ED,BID,2016-03-30 09:26:47.036,76.06
MAT,BID,2016-03-30 09:26:47.286,32.12
NWS,ASK,2016-03-30 09:26:47.536,13.7
RRC,ASK,2016-03-30 09:26:47.787,34.5
XEC,ASK,2016-03-30 09:26:47.787,102.49
FB,ASK,2016-03-30 09:26:48.037,116.68
CME,BID,2016-03-30 09:26:48.037,89.13
CME,BID,2016-03-30 09:26:48.538,89.08
FCX,BID,2016-03-30 09:26:48.538,10.34
ROST,ASK,2016-03-30 09:26:48.788,59.5
FCX,BID,2016-03-30 09:26:49.039,10.32
PFE,TRADE,2016-03-30 09:26:49.289,30.1
PFE,BID,2016-03-30 09:26:49.290,30.09
ROST,BID,2016-03-30 09:26:49.290,56.07
AN,BID,2016-03-30 09:26:49.539,43.14
CMI,BID,2016-03-30 09:26:49.539,109.76
RRC,ASK,2016-03-30 09:26:49.789,34.49
XEC,ASK,2016-03-30 09:26:49.790,102.48
AN,BID,2016-03-30 09:26:50.040,43.1
CMI,BID,2016-03-30 09:26:50.040,109.69
SYMC,ASK,2016-03-30 09:26:50.290,18.74
ROST,ASK,2016-03-30 09:26:50.290,59.44
SYMC,ASK,2016-03-30 09:26:50.540,18.8
XEC,ASK,2016-03-30 09:26:50.791,102.47
CCL,ASK,2016-03-30 09:26:51.292,51.6
RRC,ASK,2016-03-30 09:26:51.792,34.48
KMI,BID,2016-03-30 09:26:51.793,17.85
XL,BID,2016-03-30 09:26:51.793,36.61
UA,ASK,2016-03-30 09:26:51.793,85.14
CCL,TRADE,2016-03-30 09:26:52.043,51.58
CCL,BID,2016-03-30 09:26:52.044,51.45
FCX,BID,2016-03-30 09:26:52.293,10.3
FCX,ASK,2016-03-30 09:26:52.293,10.38
PFE,TRADE,2016-03-30 09:26:52.794,30.09
PFE,BID,2016-03-30 09:26:52.794,30.07
XEC,ASK,2016-03-30 09:26:52.795,102.46
MAT,ASK,2016-03-30 09:26:53.115,33.43
SYMC,ASK,2016-03-30 09:26:53.294,18.74
PFE,ASK,2016-03-30 09:26:53.295,30.19
RRC,ASK,2016-03-30 09:26:53.795,34.47
XEC,ASK,2016-03-30 09:26:53.795,102.45
CAM,ASK,2016-03-30 09:26:54.045,67.69
DAL,BID,2016-03-30 09:26:54.295,49.31
TMK,ASK,2016-03-30 09:26:54.546,58.11
CAM,ASK,2016-03-30 09:26:54.796,67.65
RRC,ASK,2016-03-30 09:26:54.796,34.46
BEN,ASK,2016-03-30 09:26:55.047,39.59
FB,TRADE,2016-03-30 09:26:55.297,116.66
TMK,ASK,2016-03-30 09:26:55.547,58.44
BEN,ASK,2016-03-30 09:26:55.548,39.79
XEC,ASK,2016-03-30 09:26:55.798,102.44
CVX,ASK,2016-03-30 09:26:56.048,96.4
SYMC,ASK,2016-03-30 09:26:56.298,18.8
CVX,ASK,2016-03-30 09:26:56.548,96.23
NFLX,TRADE,2016-03-30 09:26:56.800,104.75
ADBE,BID,2016-03-30 09:26:56.800,92.84
RRC,ASK,2016-03-30 09:26:56.800,34.45
XEC,ASK,2016-03-30 09:26:56.801,102.43
CSCO,BID,2016-03-30 09:26:57.550,28.23
ENDP,BID,2016-03-30 09:26:58.051,28.58
CSCO,BID,2016-03-30 09:26:58.051,28.22
NEM,ASK,2016-03-30 09:26:58.301,27.35
MAR,BID,2016-03-30 09:26:58.801,69.57
RRC,ASK,2016-03-30 09:26:58.802,34.44
NEM,ASK,2016-03-30 09:26:58.802,26.85
XEC,ASK,2016-03-30 09:26:58.802,102.42
XEC,ASK,2016-03-30 09:26:59.803,102.41
BAC,TRADE,2016-03-30 09:27:00.054,13.49
BAC,BID,2016-03-30 09:27:00.054,13.48
T,TRADE,2016-03-30 09:27:00.304,39.61
T,BID,2016-03-30 09:27:00.305,39.55
RRC,ASK,2016-03-30 09:27:00.804,34.43
NEE,BID,2016-03-30 09:27:01.305,118.07
XLNX,ASK,2016-03-30 09:27:01.556,48.31
FOX,ASK,2016-03-30 09:27:01.557,28.77
FOXA,ASK,2016-03-30 09:27:01.806,28.62
HPQ,BID,2016-03-30 09:27:01.806,12.23
PSA,BID,2016-03-30 09:27:01.807,267.36
PSA,ASK,2016-03-30 09:27:01.807,310.56
NEE,BID,2016-03-30 09:27:01.807,118.42
IVZ,BID,2016-03-30 09:27:01.808,30.62
TJX,ASK,2016-03-30 09:27:01.808,79.35
XEC,ASK,2016-03-30 09:27:01.808,102.4
AFL,ASK,2016-03-30 09:27:01.808,63.69
PLD,BID,2016-03-30 09:27:02.056,43.4
FOX,ASK,2016-03-30 09:27:02.057,28.72
FOXA,ASK,2016-03-30 09:27:02.307,28.57
HPQ,BID,2016-03-30 09:27:02.307,12.24
PSA,BID,2016-03-30 09:27:02.307,273.22
PSA,ASK,2016-03-30 09:27:02.307,276.77
XLNX,ASK,2016-03-30 09:27:02.308,47.84
BBBY,ASK,2016-03-30 09:27:02.308,50.09
PLD,BID,2016-03-30 09:27:02.557,43.57
RRC,ASK,2016-03-30 09:27:02.808,34.42
KMI,ASK,2016-03-30 09:27:03.128,17.95
DG,ASK,2016-03-30 09:27:03.308,86.85
SYMC,ASK,2016-03-30 09:27:03.308,18.74
VIAB,BID,2016-03-30 09:27:03.308,38.99
XOM,BID,2016-03-30 09:27:03.559,84.61
TROW,ASK,2016-03-30 09:27:03.559,77.99
XEC,ASK,2016-03-30 09:27:03.809,102.39
GE,TRADE,2016-03-30 09:27:04.310,31.69
CERN,ASK,2016-03-30 09:27:04.311,54.91
GE,ASK,2016-03-30 09:27:04.311,31.72
RTN,ASK,2016-03-30 09:27:04.311,123.46
RRC,ASK,2016-03-30 09:27:04.810,34.41
GE,BID,2016-03-30 09:27:04.810,31.69
GE,ASK,2016-03-30 09:27:04.810,31.74
XEC,ASK,2016-03-30 09:27:04.811,102.38
CTXS,BID,2016-03-30 09:27:05.060,77.25
XOM,BID,2016-03-30 09:27:05.061,84.59
IVZ,BID,2016-03-30 09:27:05.311,30.95
RIG,ASK,2016-03-30 09:27:05.561,8.62
PRGO,ASK,2016-03-30 09:27:05.811,130.8
MAT,BID,2016-03-30 09:27:05.811,32.01
FAST,ASK,2016-03-30 09:27:06.061,49.64
CXO,BID,2016-03-30 09:27:06.312,104.01
GE,BID,2016-03-30 09:27:06.312,31.66
FOXA,BID,2016-03-30 09:27:06.313,27.18
FOX,BID,2016-03-30 09:27:06.313,27.53
MAT,ASK,2016-03-30 09:27:06.313,34.0
RRC,ASK,2016-03-30 09:27:06.814,34.4
FOX,BID,2016-03-30 09:27:06.814,27.47
XEC,ASK,2016-03-30 09:27:06.902,102.37
ADT,ASK,2016-03-30 09:27:07.063,41.4
C,ASK,2016-03-30 09:27:07.563,42.22
CME,BID,2016-03-30 09:27:07.814,89.41
CME,BID,2016-03-30 09:27:08.315,89.67
EQT,BID,2016-03-30 09:27:08.565,66.63
RRC,ASK,2016-03-30 09:27:08.815,34.39
SCG,BID,2016-03-30 09:27:08.816,68.86
XEC,ASK,2016-03-30 09:27:08.816,102.36
CMA,BID,2016-03-30 09:27:09.316,37.92
PPG,BID,2016-03-30 09:27:09.316,110.53
PPG,ASK,2016-03-30 09:27:09.316,111.57
YHOO,BID,2016-03-30 09:27:09.566,36.42
NEM,ASK,2016-03-30 09:27:09.817,27.35
XEC,ASK,2016-03-30 09:27:09.817,102.35
SYMC,ASK,2016-03-30 09:27:10.317,18.8
NEM,ASK,2016-03-30 09:27:10.318,26.84
GS,ASK,2016-03-30 09:27:10.318,156.17
ADBE,BID,2016-03-30 09:27:10.318,92.97
ADBE,ASK,2016-03-30 09:27:10.319,93.84
ABBV,ASK,2016-03-30 09:27:10.319,57.65
CELG,ASK,2016-03-30 09:27:10.319,100.95
NOV,BID,2016-03-30 09:27:10.320,31.41
YHOO,BID,2016-03-30 09:27:10.320,36.48
YHOO,ASK,2016-03-30 09:27:10.320,36.68
UNP,BID,2016-03-30 09:27:10.320,79.49
UNP,ASK,2016-03-30 09:27:10.321,80.53
PCLN,ASK,2016-03-30 09:27:10.321,1320.39
SBUX,ASK,2016-03-30 09:27:10.321,60.07
DLTR,ASK,2016-03-30 09:27:10.322,82.16
KHC,BID,2016-03-30 09:27:10.322,78.4
PM,ASK,2016-03-30 09:27:10.322,99.34
MJN,ASK,2016-03-30 09:27:10.323,84.16
GOOGL,BID,2016-03-30 09:27:10.323,767.08
DAL,ASK,2016-03-30 09:27:10.323,49.64
DE,BID,2016-03-30 09:27:10.323,80.19
MS,ASK,2016-03-30 09:27:10.324,25.06
ORCL,ASK,2016-03-30 09:27:10.324,41.06
ATVI,ASK,2016-03-30 09:27:10.568,33.69
DIS,BID,2016-03-30 09:27:10.568,98.62
DIS,ASK,2016-03-30 09:27:10.568,98.99
GILD,ASK,2016-03-30 09:27:10.569,92.86
SPLS,BID,2016-03-30 09:27:10.569,11.16
SPLS,ASK,2016-03-30 09:27:10.569,11.37
HD,ASK,2016-03-30 09:27:10.570,133.59
AGN,ASK,2016-03-30 09:27:10.570,276.27
R,BID,2016-03-30 09:27:10.570,64.92
BMY,ASK,2016-03-30 09:27:10.571,64.35
WFM,BID,2016-03-30 09:27:10.571,31.79
HAR,BID,2016-03-30 09:27:10.571,86.29
FSLR,BID,2016-03-30 09:27:10.572,69.09
FSLR,ASK,2016-03-30 09:27:10.572,69.86
STX,BID,2016-03-30 09:27:10.572,33.72
STX,ASK,2016-03-30 09:27:10.573,34.17
PVH,BID,2016-03-30 09:27:10.573,98.31
MNK,ASK,2016-03-30 09:27:10.573,62.2
RRC,ASK,2016-03-30 09:27:10.818,34.38
NEM,ASK,2016-03-30 09:27:10.818,26.85
UHS,BID,2016-03-30 09:27:10.819,123.91
FCX,ASK,2016-03-30 09:27:11.068,10.4
MAT,ASK,2016-03-30 09:27:11.069,33.41
JPM,BID,2016-03-30 09:27:11.069,59.24
JCI,ASK,2016-03-30 09:27:11.070,39.29
VMC,ASK,2016-03-30 09:27:11.070,108.74
STX,ASK,2016-03-30 09:27:11.070,34.05
HAS,ASK,2016-03-30 09:27:11.071,80.12
CHRW,ASK,2016-03-30 09:27:11.071,76.31
AKAM,ASK,2016-03-30 09:27:11.071,55.8
CME,ASK,2016-03-30 09:27:11.071,97.39
ROST,ASK,2016-03-30 09:27:11.072,59.5
XOM,BID,2016-03-30 09:27:11.319,84.78
GOOGL,BID,2016-03-30 09:27:11.319,767.29
UAL,BID,2016-03-30 09:27:11.319,58.89
AMZN,BID,2016-03-30 09:27:11.320,596.02
IBM,BID,2016-03-30 09:27:11.320,149.46
FITB,ASK,2016-03-30 09:27:11.320,17.12
C,BID,2016-03-30 09:27:11.321,41.91
UNP,BID,2016-03-30 09:27:11.321,79.47
UNP,ASK,2016-03-30 09:27:11.321,80.55
GM,ASK,2016-03-30 09:27:11.321,31.59
MUR,ASK,2016-03-30 09:27:11.569,25.21
CVX,BID,2016-03-30 09:27:11.570,95.93
FCX,TRADE,2016-03-30 09:27:11.821,10.3
CELG,ASK,2016-03-30 09:27:11.822,100.93
ABBV,ASK,2016-03-30 09:27:11.822,57.64
ORCL,ASK,2016-03-30 09:27:11.823,41.05
JPM,ASK,2016-03-30 09:27:11.823,59.47
FITB,BID,2016-03-30 09:27:11.823,16.76
FITB,ASK,2016-03-30 09:27:11.823,17.17
SPLS,ASK,2016-03-30 09:27:11.824,11.36
UNP,BID,2016-03-30 09:27:11.824,79.28
UNP,ASK,2016-03-30 09:27:11.824,80.74
XOM,ASK,2016-03-30 09:27:11.824,85.05
QRVO,BID,2016-03-30 09:27:11.824,48.51
FTR,ASK,2016-03-30 09:27:11.825,5.57
FCX,ASK,2016-03-30 09:27:11.825,10.38
FB,BID,2016-03-30 09:27:11.825,116.65
XEC,ASK,2016-03-30 09:27:11.825,102.34
GM,ASK,2016-03-30 09:27:11.825,31.55
C,ASK,2016-03-30 09:27:12.071,42.12
ROST,BID,2016-03-30 09:27:12.071,56.13
FITB,ASK,2016-03-30 09:27:12.321,17.15
UNP,BID,2016-03-30 09:27:12.321,79.49
UNP,ASK,2016-03-30 09:27:12.321,80.53
FTR,ASK,2016-03-30 09:27:12.322,5.58
FCX,BID,2016-03-30 09:27:12.322,10.2
FB,BID,2016-03-30 09:27:12.571,116.62
RRC,ASK,2016-03-30 09:27:12.821,34.37
FCX,BID,2016-03-30 09:27:12.822,10.24
ADI,BID,2016-03-30 09:27:12.822,56.72
ROST,ASK,2016-03-30 09:27:13.322,59.42
COH,BID,2016-03-30 09:27:13.572,39.42
UHS,BID,2016-03-30 09:27:13.823,123.85
XEC,ASK,2016-03-30 09:27:13.823,102.33
HAR,BID,2016-03-30 09:27:13.823,86.24
COH,BID,2016-03-30 09:27:14.074,39.24
SHW,ASK,2016-03-30 09:27:14.074,289.0
SNA,ASK,2016-03-30 09:27:14.074,160.45
GE,BID,2016-03-30 09:27:14.323,31.65
RIG,TRADE,2016-03-30 09:27:14.575,8.61
NOC,ASK,2016-03-30 09:27:14.575,198.11
BCR,ASK,2016-03-30 09:27:14.575,204.31
GD,ASK,2016-03-30 09:27:14.575,133.19
THC,ASK,2016-03-30 09:27:14.576,29.66
SHW,ASK,2016-03-30 09:27:14.576,288.86
SWN,ASK,2016-03-30 09:27:14.576,8.09
AAP,ASK,2016-03-30 09:27:14.576,164.39
STX,ASK,2016-03-30 09:27:14.824,34.16
RRC,ASK,2016-03-30 09:27:14.825,34.36
COH,BID,2016-03-30 09:27:14.825,39.06
GWW,ASK,2016-03-30 09:27:14.825,232.99
AKAM,ASK,2016-03-30 09:27:15.074,56.74
ADS,ASK,2016-03-30 09:27:15.075,214.89
GE,TRADE,2016-03-30 09:27:15.325,31.75
FISV,ASK,2016-03-30 09:27:15.325,102.99
GE,ASK,2016-03-30 09:27:15.326,31.75
COH,BID,2016-03-30 09:27:15.575,38.88
GE,TRADE,2016-03-30 09:27:15.826,31.77
MAR,BID,2016-03-30 09:27:15.826,69.59
LEN,BID,2016-03-30 09:27:15.827,47.91
XEC,ASK,2016-03-30 09:27:15.827,102.32
GE,ASK,2016-03-30 09:27:15.827,31.8
COH,BID,2016-03-30 09:27:16.326,38.84
LEN,BID,2016-03-30 09:27:16.327,48.4
AN,BID,2016-03-30 09:27:16.576,42.79
HD,BID,2016-03-30 09:27:16.577,131.06
RRC,ASK,2016-03-30 09:27:16.827,34.35
CTXS,ASK,2016-03-30 09:27:16.828,79.93
COH,BID,2016-03-30 09:27:16.828,38.7
PFG,ASK,2016-03-30 09:27:16.828,44.21
AXP,BID,2016-03-30 09:27:17.078,60.43
AN,BID,2016-03-30 09:27:17.078,42.72
FOXA,BID,2016-03-30 09:27:17.078,27.09
FOX,ASK,2016-03-30 09:27:17.078,28.75
MAT,BID,2016-03-30 09:27:17.078,32.12
DD,BID,2016-03-30 09:27:17.328,63.63
CTXS,BID,2016-03-30 09:27:17.328,77.23
COH,BID,2016-03-30 09:27:17.328,38.52
HD,BID,2016-03-30 09:27:17.328,130.74
FOXA,ASK,2016-03-30 09:27:17.578,28.55
FOX,ASK,2016-03-30 09:27:17.578,28.7
PFG,ASK,2016-03-30 09:27:17.578,44.29
UNH,BID,2016-03-30 09:27:17.828,128.92
XEC,ASK,2016-03-30 09:27:17.829,102.31
PSX,ASK,2016-03-30 09:27:17.829,88.35
COH,BID,2016-03-30 09:27:18.079,38.5
COH,BID,2016-03-30 09:27:18.579,38.34
EQT,ASK,2016-03-30 09:27:18.830,67.93
FMC,BID,2016-03-30 09:27:18.830,41.18
COH,BID,2016-03-30 09:27:19.080,38.16
RHI,BID,2016-03-30 09:27:19.080,45.36
CCL,TRADE,2016-03-30 09:27:19.331,51.6
EQT,ASK,2016-03-30 09:27:19.332,67.4
HON,ASK,2016-03-30 09:27:19.332,116.37
UNH,BID,2016-03-30 09:27:19.581,128.49
COH,BID,2016-03-30 09:27:19.581,38.14
ROST,BID,2016-03-30 09:27:19.581,56.07
ADM,ASK,2016-03-30 09:27:19.582,37.26
RHI,ASK,2016-03-30 09:27:19.582,45.74
TROW,ASK,2016-03-30 09:27:19.582,79.2
RRC,ASK,2016-03-30 09:27:19.831,34.34
XEC,ASK,2016-03-30 09:27:19.831,102.3
COH,BID,2016-03-30 09:27:20.082,37.98
COG,BID,2016-03-30 09:27:20.332,22.47
CPGX,ASK,2016-03-30 09:27:20.582,25.1
ICE,ASK,2016-03-30 09:27:20.583,239.6
MCO,BID,2016-03-30 09:27:20.833,95.15
MON,ASK,2016-03-30 09:27:20.833,91.76
COG,BID,2016-03-30 09:27:20.833,22.65
UNH,BID,2016-03-30 09:27:21.083,128.06
ICE,ASK,2016-03-30 09:27:21.083,237.03
AZO,BID,2016-03-30 09:27:21.084,796.29
WRK,ASK,2016-03-30 09:27:21.084,39.75
MON,ASK,2016-03-30 09:27:21.584,91.61
MPC,ASK,2016-03-30 09:27:21.584,37.52
PNR,ASK,2016-03-30 09:27:21.584,55.9
MLM,BID,2016-03-30 09:27:21.584,153.98
WRK,ASK,2016-03-30 09:27:21.584,39.32
RRC,ASK,2016-03-30 09:27:21.834,34.33
RTN,BID,2016-03-30 09:27:21.836,122.08
XEC,ASK,2016-03-30 09:27:21.836,102.29
MCO,BID,2016-03-30 09:27:22.084,95.16
MPC,ASK,2016-03-30 09:27:22.084,37.34
CME,BID,2016-03-30 09:27:22.334,89.32
UNH,BID,2016-03-30 09:27:22.585,127.9
CME,BID,2016-03-30 09:27:22.835,89.67
VRSK,ASK,2016-03-30 09:27:23.156,81.42
AME,BID,2016-03-30 09:27:23.336,49.32
AN,ASK,2016-03-30 09:27:23.336,48.68
FB,BID,2016-03-30 09:27:23.337,116.63
TAP,ASK,2016-03-30 09:27:23.337,97.29
PNC,BID,2016-03-30 09:27:23.337,84.1
PNC,ASK,2016-03-30 09:27:23.337,85.46
IFF,ASK,2016-03-30 09:27:23.587,116.72
RRC,ASK,2016-03-30 09:27:23.837,34.32
AME,BID,2016-03-30 09:27:23.837,49.62
GILD,ASK,2016-03-30 09:27:23.838,92.67
FITB,ASK,2016-03-30 09:27:23.838,17.08
MAT,BID,2016-03-30 09:27:23.838,32.01
HBAN,ASK,2016-03-30 09:27:23.839,9.8
XEC,ASK,2016-03-30 09:27:23.840,102.28
IFF,ASK,2016-03-30 09:27:24.088,115.99
K,BID,2016-03-30 09:27:24.088,76.31
ROST,ASK,2016-03-30 09:27:24.089,59.5
MUR,BID,2016-03-30 09:27:24.337,24.73
CB,BID,2016-03-30 09:27:24.338,118.86
MAT,ASK,2016-03-30 09:27:24.339,34.0
GPS,BID,2016-03-30 09:27:24.339,29.56
GPS,ASK,2016-03-30 09:27:24.339,29.82
THC,BID,2016-03-30 09:27:24.589,29.26
GWW,BID,2016-03-30 09:27:24.589,194.0
NEE,BID,2016-03-30 09:27:24.590,117.99
GPS,ASK,2016-03-30 09:27:24.838,29.95
LEN,ASK,2016-03-30 09:27:24.839,48.72
ROP,BID,2016-03-30 09:27:24.839,181.45
GWW,BID,2016-03-30 09:27:25.089,229.55
NEE,BID,2016-03-30 09:27:25.089,118.5
OI,BID,2016-03-30 09:27:25.089,15.41
IFF,BID,2016-03-30 09:27:25.090,114.66
WRK,ASK,2016-03-30 09:27:25.090,39.41
BDX,BID,2016-03-30 09:27:25.090,150.91
FAST,ASK,2016-03-30 09:27:25.339,49.9
RHI,ASK,2016-03-30 09:27:25.340,45.83
GPS,ASK,2016-03-30 09:27:25.340,29.87
TDC,BID,2016-03-30 09:27:25.340,26.5
TDC,ASK,2016-03-30 09:27:25.340,26.78
CME,BID,2016-03-30 09:27:25.340,89.64
ROP,BID,2016-03-30 09:27:25.340,182.34
ROP,ASK,2016-03-30 09:27:25.341,184.81
KEY,BID,2016-03-30 09:27:25.590,10.94
ADS,BID,2016-03-30 09:27:25.590,212.91
OI,BID,2016-03-30 09:27:25.590,15.65
UNH,ASK,2016-03-30 09:27:25.590,131.17
AET,ASK,2016-03-30 09:27:25.840,114.46
ANTM,BID,2016-03-30 09:27:25.840,140.11
ANTM,ASK,2016-03-30 09:27:25.841,142.19
CI,BID,2016-03-30 09:27:25.841,137.33
CI,ASK,2016-03-30 09:27:25.841,139.45
XEC,ASK,2016-03-30 09:27:25.841,102.27
AFL,BID,2016-03-30 09:27:25.841,63.1
KEY,BID,2016-03-30 09:27:26.090,11.01
ROST,ASK,2016-03-30 09:27:26.090,59.42
CME,BID,2016-03-30 09:27:26.340,89.75
WHR,BID,2016-03-30 09:27:26.841,176.16
RRC,ASK,2016-03-30 09:27:26.842,34.31
PWR,BID,2016-03-30 09:27:26.842,22.51
TMO,BID,2016-03-30 09:27:26.842,139.99
CME,BID,2016-03-30 09:27:26.842,89.8
SYMC,ASK,2016-03-30 09:27:26.842,18.74
AXP,BID,2016-03-30 09:27:26.842,60.46
FAST,ASK,2016-03-30 09:27:27.091,49.62
AIZ,ASK,2016-03-30 09:27:27.091,78.36
DNB,BID,2016-03-30 09:27:27.092,102.67
YHOO,BID,2016-03-30 09:27:27.092,36.52
WHR,BID,2016-03-30 09:27:27.342,176.92
LM,ASK,2016-03-30 09:27:27.592,34.97
AIZ,ASK,2016-03-30 09:27:27.592,77.92
UNM,ASK,2016-03-30 09:27:27.592,31.65
PSX,BID,2016-03-30 09:27:27.593,87.39
PSX,ASK,2016-03-30 09:27:27.593,88.4
DNB,ASK,2016-03-30 09:27:27.593,103.96
IRM,ASK,2016-03-30 09:27:27.593,34.01
COF,ASK,2016-03-30 09:27:27.593,69.57
TRV,BID,2016-03-30 09:27:27.843,115.86
EA,BID,2016-03-30 09:27:27.843,65.62
ADI,BID,2016-03-30 09:27:27.843,56.5
HCN,BID,2016-03-30 09:27:27.843,68.98
AEE,BID,2016-03-30 09:27:27.843,48.98
XEC,ASK,2016-03-30 09:27:27.844,102.26
SLG,ASK,2016-03-30 09:27:27.844,97.25
PSA,BID,2016-03-30 09:27:28.093,267.36
PSA,ASK,2016-03-30 09:27:28.093,276.88
UNM,ASK,2016-03-30 09:27:28.094,31.39
GE,ASK,2016-03-30 09:27:28.094,31.79
PSX,BID,2016-03-30 09:27:28.094,87.25
IRM,ASK,2016-03-30 09:27:28.094,33.93
AIV,ASK,2016-03-30 09:27:28.095,42.25
TRV,BID,2016-03-30 09:27:28.343,116.34
ABT,BID,2016-03-30 09:27:28.343,41.3
L,BID,2016-03-30 09:27:28.344,38.26
AEE,BID,2016-03-30 09:27:28.344,49.3
PFG,BID,2016-03-30 09:27:28.344,39.34
CCL,ASK,2016-03-30 09:27:28.344,51.7
ECL,BID,2016-03-30 09:27:28.593,111.24
SCG,BID,2016-03-30 09:27:28.594,68.79
VNO,BID,2016-03-30 09:27:28.594,93.42
VNO,ASK,2016-03-30 09:27:28.594,96.25
PSX,BID,2016-03-30 09:27:28.594,87.51
AIV,ASK,2016-03-30 09:27:28.844,41.96
PSA,BID,2016-03-30 09:27:28.844,273.62
RRC,ASK,2016-03-30 09:27:28.844,34.3
FLR,BID,2016-03-30 09:27:28.845,53.85
ABT,BID,2016-03-30 09:27:28.845,41.42
CCL,ASK,2016-03-30 09:27:28.845,51.5
MPC,ASK,2016-03-30 09:27:29.094,37.29
VNO,BID,2016-03-30 09:27:29.094,94.02
VNO,ASK,2016-03-30 09:27:29.094,95.54
SCG,BID,2016-03-30 09:27:29.095,68.97
MAT,BID,2016-03-30 09:27:29.095,32.12
FITB,ASK,2016-03-30 09:27:29.344,17.17
CXO,ASK,2016-03-30 09:27:29.595,106.64
WRK,BID,2016-03-30 09:27:29.845,38.92
FITB,ASK,2016-03-30 09:27:29.845,17.12
XEC,ASK,2016-03-30 09:27:29.846,102.25
KR,OPEN,2016-03-30 09:27:30.095,38.14
KR,TRADE,2016-03-30 09:27:30.096,38.14
PFE,TRADE,2016-03-30 09:27:30.096,30.07
SPG,BID,2016-03-30 09:27:30.097,203.2
KR,BID,2016-03-30 09:27:30.097,38.0
EL,ASK,2016-03-30 09:27:30.098,95.18
PFE,BID,2016-03-30 09:27:30.098,30.05
GE,BID,2016-03-30 09:27:30.098,31.68
XOM,BID,2016-03-30 09:27:30.099,84.59
CXO,ASK,2016-03-30 09:27:30.099,107.0
FITB,ASK,2016-03-30 09:27:30.346,17.08
TSN,BID,2016-03-30 09:27:30.346,67.8
KR,TRADE,2016-03-30 09:27:30.596,38.12
SPG,BID,2016-03-30 09:27:30.596,205.23
KR,BID,2016-03-30 09:27:30.597,37.95
GE,ASK,2016-03-30 09:27:30.597,31.8
XOM,BID,2016-03-30 09:27:30.846,84.56
TSN,ASK,2016-03-30 09:27:30.846,68.24
XOM,BID,2016-03-30 09:27:31.347,84.71
ROK,BID,2016-03-30 09:27:31.347,112.36
AAPL,TRADE,2016-03-30 09:27:31.597,109.0
TSN,ASK,2016-03-30 09:27:31.598,68.16
DISCA,BID,2016-03-30 09:27:31.598,27.27
FOX,ASK,2016-03-30 09:27:31.599,28.73
FOXA,ASK,2016-03-30 09:27:31.599,28.58
ADI,BID,2016-03-30 09:27:31.599,56.52
RRC,ASK,2016-03-30 09:27:31.848,34.29
PM,BID,2016-03-30 09:27:31.848,98.36
COF,BID,2016-03-30 09:27:31.849,68.88
CPB,ASK,2016-03-30 09:27:31.850,64.87
HPQ,OPEN,2016-03-30 09:27:32.098,12.3
HPQ,TRADE,2016-03-30 09:27:32.099,12.3
FOX,ASK,2016-03-30 09:27:32.099,28.68
FOXA,ASK,2016-03-30 09:27:32.100,28.53
HPQ,BID,2016-03-30 09:27:32.100,12.23
ROST,BID,2016-03-30 09:27:32.101,56.15
MCO,BID,2016-03-30 09:27:32.101,95.15
