T,BID,2016-03-31 09:25:00.081,39.35
NVDA,ASK,2016-03-31 09:25:00.302,36.29
D,ASK,2016-03-31 09:25:00.302,75.19
DVN,ASK,2016-03-31 09:25:00.302,26.82
LLTC,BID,2016-03-31 09:25:00.332,44.41
MNST,BID,2016-03-31 09:25:00.332,132.36
MCD,ASK,2016-03-31 09:25:00.332,127.0
CELG,ASK,2016-03-31 09:25:00.332,99.49
CRM,BID,2016-03-31 09:25:00.332,73.85
C,ASK,2016-03-31 09:25:00.332,41.97
ETR,BID,2016-03-31 09:25:00.582,77.83
YHOO,BID,2016-03-31 09:25:00.582,36.4
FB,BID,2016-03-31 09:25:00.583,114.63
SYF,BID,2016-03-31 09:25:00.583,27.96
T,BID,2016-03-31 09:25:00.583,39.34
QCOM,BID,2016-03-31 09:25:00.903,50.81
QRVO,BID,2016-03-31 09:25:00.903,50.78
NDAQ,BID,2016-03-31 09:25:00.903,65.0
NKE,BID,2016-03-31 09:25:00.903,61.61
MNST,BID,2016-03-31 09:25:00.903,132.07
AGN,ASK,2016-03-31 09:25:00.904,285.5
AMZN,ASK,2016-03-31 09:25:00.904,601.0
HAR,ASK,2016-03-31 09:25:00.904,90.02
ATVI,ASK,2016-03-31 09:25:01.083,34.5
CME,ASK,2016-03-31 09:25:01.083,98.31
TXN,ASK,2016-03-31 09:25:01.083,58.88
MKC,ASK,2016-03-31 09:25:01.083,105.43
T,BID,2016-03-31 09:25:01.083,39.3
GIS,ASK,2016-03-31 09:25:01.333,64.54
QCOM,BID,2016-03-31 09:25:01.333,50.74
QRVO,BID,2016-03-31 09:25:01.333,50.56
QRVO,ASK,2016-03-31 09:25:01.333,52.22
NDAQ,BID,2016-03-31 09:25:01.334,64.77
SYMC,BID,2016-03-31 09:25:01.334,18.04
CA,BID,2016-03-31 09:25:01.583,29.91
ETR,BID,2016-03-31 09:25:01.583,77.66
NTRS,ASK,2016-03-31 09:25:01.584,70.79
MNST,BID,2016-03-31 09:25:01.835,131.78
GIS,ASK,2016-03-31 09:25:01.835,63.69
QRVO,BID,2016-03-31 09:25:01.835,50.34
SBUX,BID,2016-03-31 09:25:01.835,59.67
BBT,BID,2016-03-31 09:25:02.084,33.17
QRVO,ASK,2016-03-31 09:25:02.334,52.19
ETR,BID,2016-03-31 09:25:02.585,77.6
WAT,BID,2016-03-31 09:25:02.585,130.6
ESV,ASK,2016-03-31 09:25:02.585,10.94
COG,ASK,2016-03-31 09:25:02.586,23.19
AVB,ASK,2016-03-31 09:25:02.586,-1.0
BSX,BID,2016-03-31 09:25:02.586,18.61
MNST,BID,2016-03-31 09:25:02.835,131.49
QRVO,BID,2016-03-31 09:25:02.835,50.12
SBUX,BID,2016-03-31 09:25:02.835,59.84
IBM,BID,2016-03-31 09:25:03.086,147.8
ETR,BID,2016-03-31 09:25:03.086,77.5
SYMC,ASK,2016-03-31 09:25:03.086,18.8
WAT,BID,2016-03-31 09:25:03.086,131.04
BXP,ASK,2016-03-31 09:25:03.086,129.15
COG,ASK,2016-03-31 09:25:03.086,22.79
ESV,ASK,2016-03-31 09:25:03.087,10.31
AVB,ASK,2016-03-31 09:25:03.087,189.66
BSX,BID,2016-03-31 09:25:03.087,18.67
GS,BID,2016-03-31 09:25:03.336,155.23
ADBE,BID,2016-03-31 09:25:03.336,92.62
ALXN,ASK,2016-03-31 09:25:03.336,137.28
HAS,ASK,2016-03-31 09:25:03.587,80.92
TWC,BID,2016-03-31 09:25:03.587,204.63
TWC,ASK,2016-03-31 09:25:03.587,206.89
TWX,BID,2016-03-31 09:25:03.587,71.31
TWX,ASK,2016-03-31 09:25:03.587,72.49
HP,ASK,2016-03-31 09:25:03.588,59.24
MAR,BID,2016-03-31 09:25:03.588,70.72
TXN,ASK,2016-03-31 09:25:03.588,58.9
SYMC,ASK,2016-03-31 09:25:03.588,18.79
NVDA,ASK,2016-03-31 09:25:03.588,36.42
STX,ASK,2016-03-31 09:25:03.588,34.6
SNI,BID,2016-03-31 09:25:03.589,59.4
EQR,ASK,2016-03-31 09:25:03.589,80.0
FFIV,ASK,2016-03-31 09:25:03.589,106.12
WAT,ASK,2016-03-31 09:25:03.589,135.03
BXP,ASK,2016-03-31 09:25:03.589,129.53
MNST,BID,2016-03-31 09:25:03.836,131.2
ADP,BID,2016-03-31 09:25:03.836,87.01
QRVO,BID,2016-03-31 09:25:03.837,50.1
ALXN,ASK,2016-03-31 09:25:03.837,139.67
ESS,ASK,2016-03-31 09:25:03.837,-1.0
HP,ASK,2016-03-31 09:25:04.087,58.6
GWW,ASK,2016-03-31 09:25:04.087,-1.0
FFIV,ASK,2016-03-31 09:25:04.087,107.72
WAT,ASK,2016-03-31 09:25:04.087,133.48
BXP,ASK,2016-03-31 09:25:04.087,127.26
LLTC,ASK,2016-03-31 09:25:04.088,44.95
MCHP,ASK,2016-03-31 09:25:04.337,48.99
QRVO,BID,2016-03-31 09:25:04.337,50.03
CVX,ASK,2016-03-31 09:25:04.587,96.84
ESS,ASK,2016-03-31 09:25:04.587,233.89
NTRS,ASK,2016-03-31 09:25:04.588,70.78
GWW,ASK,2016-03-31 09:25:04.588,234.64
LLTC,BID,2016-03-31 09:25:04.588,44.4
MNST,BID,2016-03-31 09:25:04.837,130.91
CVX,ASK,2016-03-31 09:25:05.088,95.58
TXN,BID,2016-03-31 09:25:05.088,57.57
MAT,BID,2016-03-31 09:25:05.339,32.23
ALXN,ASK,2016-03-31 09:25:05.341,137.29
MNST,BID,2016-03-31 09:25:05.839,130.62
HAR,ASK,2016-03-31 09:25:05.839,90.01
BLK,BID,2016-03-31 09:25:06.339,323.75
BLK,ASK,2016-03-31 09:25:06.340,355.0
MNST,BID,2016-03-31 09:25:06.910,130.33
ATVI,BID,2016-03-31 09:25:07.090,33.38
AN,BID,2016-03-31 09:25:07.090,41.9
AMAT,BID,2016-03-31 09:25:07.341,20.8
KLAC,BID,2016-03-31 09:25:07.341,71.31
MNST,BID,2016-03-31 09:25:07.841,130.04
AEE,BID,2016-03-31 09:25:08.092,43.58
LRCX,BID,2016-03-31 09:25:08.092,80.02
AN,BID,2016-03-31 09:25:08.092,41.97
FCX,ASK,2016-03-31 09:25:08.342,10.16
KLAC,BID,2016-03-31 09:25:08.342,71.14
NTRS,ASK,2016-03-31 09:25:08.592,70.77
LRCX,BID,2016-03-31 09:25:08.593,80.0
CMG,TRADE,2016-03-31 09:25:08.843,469.0
MNST,BID,2016-03-31 09:25:08.844,129.75
FCX,ASK,2016-03-31 09:25:08.844,10.17
KLAC,BID,2016-03-31 09:25:08.844,71.3
TXN,BID,2016-03-31 09:25:09.093,57.45
MNST,BID,2016-03-31 09:25:09.844,129.46
DVN,ASK,2016-03-31 09:25:10.344,26.91
FCX,ASK,2016-03-31 09:25:10.345,10.15
MNST,BID,2016-03-31 09:25:10.916,129.17
FCX,ASK,2016-03-31 09:25:10.917,10.17
HAR,ASK,2016-03-31 09:25:10.917,90.0
DTE,BID,2016-03-31 09:25:11.346,88.47
MNST,BID,2016-03-31 09:25:11.846,128.88
PDCO,ASK,2016-03-31 09:25:12.097,53.0
SYMC,BID,2016-03-31 09:25:12.097,18.02
SYMC,ASK,2016-03-31 09:25:12.097,18.8
NTRS,ASK,2016-03-31 09:25:12.597,70.76
MNST,BID,2016-03-31 09:25:12.848,128.81
HP,ASK,2016-03-31 09:25:12.848,58.39
TXN,BID,2016-03-31 09:25:13.098,57.47
MNST,BID,2016-03-31 09:25:13.348,128.59
TXN,ASK,2016-03-31 09:25:13.598,58.88
MA,BID,2016-03-31 09:25:13.849,93.08
MA,ASK,2016-03-31 09:25:13.850,94.5
GM,ASK,2016-03-31 09:25:13.850,31.21
COF,BID,2016-03-31 09:25:13.850,68.35
COF,ASK,2016-03-31 09:25:13.850,70.0
DFS,BID,2016-03-31 09:25:13.850,49.64
DFS,ASK,2016-03-31 09:25:13.850,50.99
RCL,ASK,2016-03-31 09:25:13.851,81.84
CCL,ASK,2016-03-31 09:25:13.851,53.0
MNST,BID,2016-03-31 09:25:13.851,128.36
ACN,BID,2016-03-31 09:25:13.851,114.22
ACN,ASK,2016-03-31 09:25:13.851,117.53
MNST,BID,2016-03-31 09:25:14.350,128.3
MA,BID,2016-03-31 09:25:14.351,93.09
MA,ASK,2016-03-31 09:25:14.351,94.49
CCL,ASK,2016-03-31 09:25:14.351,52.63
RCL,ASK,2016-03-31 09:25:14.351,81.55
DFS,BID,2016-03-31 09:25:14.351,49.75
DFS,ASK,2016-03-31 09:25:14.351,50.53
GM,ASK,2016-03-31 09:25:14.352,31.13
COF,BID,2016-03-31 09:25:14.352,68.49
COF,ASK,2016-03-31 09:25:14.352,69.4
ACN,BID,2016-03-31 09:25:14.352,114.52
ACN,ASK,2016-03-31 09:25:14.352,115.71
ADBE,BID,2016-03-31 09:25:14.352,92.43
MAR,BID,2016-03-31 09:25:14.353,70.7
MNST,BID,2016-03-31 09:25:14.850,128.01
GE,ASK,2016-03-31 09:25:14.851,31.89
GE,TRADE,2016-03-31 09:25:15.102,31.83
FCX,TRADE,2016-03-31 09:25:15.102,10.12
BAC,ASK,2016-03-31 09:25:15.102,13.48
FCX,ASK,2016-03-31 09:25:15.103,10.15
NEM,ASK,2016-03-31 09:25:15.103,27.07
NWSA,ASK,2016-03-31 09:25:15.103,12.98
GE,BID,2016-03-31 09:25:15.351,31.8
GE,ASK,2016-03-31 09:25:15.352,31.85
GE,TRADE,2016-03-31 09:25:15.601,31.8
NVDA,ASK,2016-03-31 09:25:15.601,35.99
STX,ASK,2016-03-31 09:25:15.602,34.19
FCX,ASK,2016-03-31 09:25:15.602,10.16
NEM,ASK,2016-03-31 09:25:15.602,27.19
MNST,BID,2016-03-31 09:25:15.851,127.99
HAR,ASK,2016-03-31 09:25:15.851,89.99
INTU,ASK,2016-03-31 09:25:15.852,105.82
MAT,BID,2016-03-31 09:25:15.852,32.15
ADP,BID,2016-03-31 09:25:16.101,86.81
MNST,BID,2016-03-31 09:25:16.352,127.98
NTRS,ASK,2016-03-31 09:25:16.602,70.75
VMC,ASK,2016-03-31 09:25:16.602,108.18
SPLS,ASK,2016-03-31 09:25:16.852,11.28
UAL,BID,2016-03-31 09:25:16.853,59.26
UAL,ASK,2016-03-31 09:25:16.853,60.72
LUV,ASK,2016-03-31 09:25:16.853,45.63
BBBY,ASK,2016-03-31 09:25:17.353,50.95
UAL,BID,2016-03-31 09:25:17.353,59.11
NOV,BID,2016-03-31 09:25:17.604,30.3
COP,BID,2016-03-31 09:25:17.854,39.64
EQT,BID,2016-03-31 09:25:17.854,65.57
NVDA,ASK,2016-03-31 09:25:17.855,36.42
BBBY,ASK,2016-03-31 09:25:17.855,50.76
FCX,BID,2016-03-31 09:25:18.104,10.11
UAL,BID,2016-03-31 09:25:18.105,58.96
ADBE,BID,2016-03-31 09:25:18.105,92.46
EQT,ASK,2016-03-31 09:25:18.354,77.96
UAL,BID,2016-03-31 09:25:19.105,58.81
UAL,BID,2016-03-31 09:25:20.106,58.7
NTRS,ASK,2016-03-31 09:25:20.678,70.74
MAT,BID,2016-03-31 09:25:20.679,32.17
MSFT,TRADE,2016-03-31 09:25:21.108,55.17
TGT,BID,2016-03-31 09:25:21.108,82.06
TGNA,BID,2016-03-31 09:25:21.109,23.3
CF,BID,2016-03-31 09:25:21.109,31.41
DOV,BID,2016-03-31 09:25:21.109,63.52
JEC,BID,2016-03-31 09:25:21.109,42.98
BHI,BID,2016-03-31 09:25:21.358,42.83
LEG,BID,2016-03-31 09:25:21.609,47.37
LYB,ASK,2016-03-31 09:25:21.609,87.47
DOV,BID,2016-03-31 09:25:21.609,63.37
TGNA,BID,2016-03-31 09:25:21.609,23.42
CF,BID,2016-03-31 09:25:21.609,31.7
PWR,BID,2016-03-31 09:25:21.609,22.33
JEC,BID,2016-03-31 09:25:21.610,42.86
CHD,BID,2016-03-31 09:25:21.610,90.89
FTI,ASK,2016-03-31 09:25:21.859,27.6
ROK,BID,2016-03-31 09:25:21.859,106.47
ITW,BID,2016-03-31 09:25:21.859,101.13
OI,BID,2016-03-31 09:25:21.859,15.48
BAX,BID,2016-03-31 09:25:21.860,40.9
HAR,ASK,2016-03-31 09:25:21.860,89.98
ADS,BID,2016-03-31 09:25:21.860,205.01
IFF,ASK,2016-03-31 09:25:21.860,116.78
AAPL,ASK,2016-03-31 09:25:22.109,109.5
LEG,BID,2016-03-31 09:25:22.109,47.25
LYB,ASK,2016-03-31 09:25:22.109,86.25
DOV,BID,2016-03-31 09:25:22.110,63.78
FLR,BID,2016-03-31 09:25:22.110,53.33
PWR,BID,2016-03-31 09:25:22.110,22.27
VFC,BID,2016-03-31 09:25:22.110,64.4
JEC,BID,2016-03-31 09:25:22.110,43.26
CBG,ASK,2016-03-31 09:25:22.360,29.58
CHD,BID,2016-03-31 09:25:22.360,91.2
ROK,BID,2016-03-31 09:25:22.360,106.22
FTI,ASK,2016-03-31 09:25:22.360,27.18
ITW,BID,2016-03-31 09:25:22.360,101.5
KSU,ASK,2016-03-31 09:25:22.360,88.78
BAX,BID,2016-03-31 09:25:22.361,40.96
M,BID,2016-03-31 09:25:22.361,43.27
OI,BID,2016-03-31 09:25:22.361,15.58
STT,BID,2016-03-31 09:25:22.361,57.06
ADS,BID,2016-03-31 09:25:22.361,214.01
FRT,BID,2016-03-31 09:25:22.610,153.78
IFF,ASK,2016-03-31 09:25:22.610,115.42
MHFI,BID,2016-03-31 09:25:22.610,97.4
CELG,ASK,2016-03-31 09:25:22.611,100.66
LEG,BID,2016-03-31 09:25:22.611,47.55
FLR,BID,2016-03-31 09:25:22.611,53.2
PWR,BID,2016-03-31 09:25:22.611,22.43
VFC,BID,2016-03-31 09:25:22.860,64.64
CBG,ASK,2016-03-31 09:25:22.860,29.9
SEE,BID,2016-03-31 09:25:22.861,47.36
ROK,BID,2016-03-31 09:25:22.861,106.11
KSU,ASK,2016-03-31 09:25:22.861,86.93
HPE,BID,2016-03-31 09:25:22.861,17.7
M,BID,2016-03-31 09:25:22.861,43.52
LRCX,BID,2016-03-31 09:25:22.862,80.02
STT,BID,2016-03-31 09:25:23.110,57.69
FRT,BID,2016-03-31 09:25:23.111,153.45
FRT,ASK,2016-03-31 09:25:23.111,173.58
XEC,BID,2016-03-31 09:25:23.111,94.52
MHFI,BID,2016-03-31 09:25:23.111,97.19
TXN,ASK,2016-03-31 09:25:23.111,58.9
FLR,BID,2016-03-31 09:25:23.112,53.75
CBG,ASK,2016-03-31 09:25:23.361,28.88
SEE,BID,2016-03-31 09:25:23.361,47.24
KEY,ASK,2016-03-31 09:25:23.361,11.36
LRCX,BID,2016-03-31 09:25:23.361,80.0
HPE,BID,2016-03-31 09:25:23.611,17.76
FRT,BID,2016-03-31 09:25:23.611,154.53
FRT,ASK,2016-03-31 09:25:23.611,156.95
MHFI,BID,2016-03-31 09:25:23.611,97.92
XEC,BID,2016-03-31 09:25:23.611,95.25
SWK,BID,2016-03-31 09:25:23.612,104.0
HAR,BID,2016-03-31 09:25:23.862,87.5
CBG,BID,2016-03-31 09:25:23.862,27.9
MDT,BID,2016-03-31 09:25:23.862,74.48
SEE,BID,2016-03-31 09:25:23.862,47.56
UDR,ASK,2016-03-31 09:25:23.862,39.14
RCL,ASK,2016-03-31 09:25:23.863,81.84
RAI,ASK,2016-03-31 09:25:23.863,51.35
KEY,ASK,2016-03-31 09:25:23.863,11.24
BBT,BID,2016-03-31 09:25:24.112,33.22
GGP,ASK,2016-03-31 09:25:24.112,30.08
SWK,BID,2016-03-31 09:25:24.112,103.78
NFX,ASK,2016-03-31 09:25:24.112,33.25
CBG,BID,2016-03-31 09:25:24.362,28.37
UDR,ASK,2016-03-31 09:25:24.362,39.41
MDT,BID,2016-03-31 09:25:24.362,74.79
RAI,ASK,2016-03-31 09:25:24.363,50.78
RCL,ASK,2016-03-31 09:25:24.363,81.41
WAT,ASK,2016-03-31 09:25:24.363,134.9
XEC,ASK,2016-03-31 09:25:24.612,98.37
MLM,ASK,2016-03-31 09:25:24.613,160.0
GGP,ASK,2016-03-31 09:25:24.613,30.19
SWK,BID,2016-03-31 09:25:24.613,104.39
K,BID,2016-03-31 09:25:24.613,75.9
SYF,BID,2016-03-31 09:25:24.613,28.04
NFX,ASK,2016-03-31 09:25:24.862,32.88
UDR,ASK,2016-03-31 09:25:24.863,38.54
WAT,ASK,2016-03-31 09:25:25.113,133.35
NBL,BID,2016-03-31 09:25:25.113,30.13
XEC,ASK,2016-03-31 09:25:25.113,97.13
EOG,ASK,2016-03-31 09:25:25.114,74.97
MLM,ASK,2016-03-31 09:25:25.114,156.03
GGP,ASK,2016-03-31 09:25:25.114,29.66
K,BID,2016-03-31 09:25:25.114,76.13
OKE,ASK,2016-03-31 09:25:25.114,29.58
AES,ASK,2016-03-31 09:25:25.363,11.85
CMCSA,BID,2016-03-31 09:25:25.363,59.95
NTRS,ASK,2016-03-31 09:25:25.614,70.73
NBL,BID,2016-03-31 09:25:25.614,30.41
EOG,ASK,2016-03-31 09:25:25.614,74.02
OKE,ASK,2016-03-31 09:25:25.614,29.68
PKI,ASK,2016-03-31 09:25:25.864,50.29
AES,ASK,2016-03-31 09:25:25.865,11.7
DLPH,ASK,2016-03-31 09:25:25.865,76.33
BHI,BID,2016-03-31 09:25:26.114,42.8
HUM,ASK,2016-03-31 09:25:26.115,215.0
ALLE,ASK,2016-03-31 09:25:26.115,65.07
TGNA,BID,2016-03-31 09:25:26.115,23.34
OKE,ASK,2016-03-31 09:25:26.115,29.34
PKI,ASK,2016-03-31 09:25:26.364,49.74
KSU,ASK,2016-03-31 09:25:26.365,88.48
MCO,BID,2016-03-31 09:25:26.615,94.7
DLPH,ASK,2016-03-31 09:25:26.615,75.33
BHI,BID,2016-03-31 09:25:26.616,42.9
BBBY,ASK,2016-03-31 09:25:26.616,50.75
HUM,ASK,2016-03-31 09:25:26.616,186.0
ALLE,ASK,2016-03-31 09:25:26.617,64.27
IFF,ASK,2016-03-31 09:25:26.617,116.78
TGNA,BID,2016-03-31 09:25:26.865,23.46
KSU,ASK,2016-03-31 09:25:26.866,88.75
MNST,BID,2016-03-31 09:25:26.866,127.69
MCO,BID,2016-03-31 09:25:27.115,94.48
PDCO,BID,2016-03-31 09:25:27.116,38.88
PNW,ASK,2016-03-31 09:25:27.116,76.15
IFF,ASK,2016-03-31 09:25:27.366,115.36
KSU,ASK,2016-03-31 09:25:27.366,86.68
UNH,ASK,2016-03-31 09:25:27.366,131.0
MCO,BID,2016-03-31 09:25:27.616,95.01
MNST,BID,2016-03-31 09:25:27.867,127.48
PNW,ASK,2016-03-31 09:25:27.867,75.15
UNH,ASK,2016-03-31 09:25:27.867,130.75
NTRS,ASK,2016-03-31 09:25:28.117,70.72
TWX,BID,2016-03-31 09:25:28.117,71.46
LRCX,BID,2016-03-31 09:25:28.117,80.02
DISCA,ASK,2016-03-31 09:25:28.117,29.13
DISCK,ASK,2016-03-31 09:25:28.118,27.77
BBT,BID,2016-03-31 09:25:28.618,33.17
LRCX,BID,2016-03-31 09:25:28.618,80.0
DISCA,ASK,2016-03-31 09:25:28.618,29.15
DISCK,ASK,2016-03-31 09:25:28.618,27.75
URBN,BID,2016-03-31 09:25:28.868,29.94
MYL,BID,2016-03-31 09:25:29.118,46.5
URBN,BID,2016-03-31 09:25:29.368,29.84
URBN,BID,2016-03-31 09:25:30.120,29.79
MYL,BID,2016-03-31 09:25:30.120,46.34
HES,ASK,2016-03-31 09:25:30.120,50.74
DOW,BID,2016-03-31 09:25:30.370,51.1
FB,BID,2016-03-31 09:25:30.691,114.74
HES,ASK,2016-03-31 09:25:30.691,51.1
ED,BID,2016-03-31 09:25:31.371,76.1
ED,ASK,2016-03-31 09:25:31.371,77.97
NWS,BID,2016-03-31 09:25:31.372,12.49
DD,BID,2016-03-31 09:25:31.372,63.54
NWS,BID,2016-03-31 09:25:31.871,12.53
XYL,ASK,2016-03-31 09:25:32.122,41.8
VAR,BID,2016-03-31 09:25:32.122,74.73
XYL,ASK,2016-03-31 09:25:32.623,41.17
CCE,ASK,2016-03-31 09:25:32.873,57.13
CHRW,BID,2016-03-31 09:25:32.873,70.82
JBHT,ASK,2016-03-31 09:25:32.874,-1.0
VAR,BID,2016-03-31 09:25:33.123,77.58
CHRW,BID,2016-03-31 09:25:33.374,70.65
CHRW,ASK,2016-03-31 09:25:33.374,76.97
SYMC,BID,2016-03-31 09:25:34.125,18.06
SNDK,BID,2016-03-31 09:25:34.625,75.26
HAL,BID,2016-03-31 09:25:35.126,35.8
NTRS,ASK,2016-03-31 09:25:35.626,70.71
IBM,BID,2016-03-31 09:25:35.627,147.87
NVDA,ASK,2016-03-31 09:25:37.128,35.99
LRCX,BID,2016-03-31 09:25:37.128,80.02
NVDA,ASK,2016-03-31 09:25:37.629,36.42
LRCX,BID,2016-03-31 09:25:37.629,80.0
FCX,ASK,2016-03-31 09:25:37.629,10.17
DTE,BID,2016-03-31 09:25:38.380,88.25
YHOO,ASK,2016-03-31 09:25:39.631,36.63
AAPL,ASK,2016-03-31 09:25:40.132,109.48
YHOO,ASK,2016-03-31 09:25:40.133,37.06
NTRS,ASK,2016-03-31 09:25:40.703,70.7
QRVO,ASK,2016-03-31 09:25:40.703,52.33
MNST,BID,2016-03-31 09:25:40.883,127.19
BBT,BID,2016-03-31 09:25:41.134,33.22
WHR,BID,2016-03-31 09:25:41.134,175.65
CTAS,BID,2016-03-31 09:25:41.134,86.44
TXN,BID,2016-03-31 09:25:41.134,57.59
WHR,BID,2016-03-31 09:25:41.634,176.27
MNST,BID,2016-03-31 09:25:41.634,126.92
ATVI,BID,2016-03-31 09:25:42.135,33.5
DFS,BID,2016-03-31 09:25:42.886,49.64
DFS,ASK,2016-03-31 09:25:42.886,50.99
COF,BID,2016-03-31 09:25:42.886,68.35
COF,ASK,2016-03-31 09:25:42.886,70.0
MA,BID,2016-03-31 09:25:42.887,93.08
MA,ASK,2016-03-31 09:25:42.887,94.5
SBUX,BID,2016-03-31 09:25:44.888,59.72
NEM,ASK,2016-03-31 09:25:45.138,27.06
NEM,ASK,2016-03-31 09:25:45.639,27.19
SBUX,BID,2016-03-31 09:25:45.889,59.67
NTRS,ASK,2016-03-31 09:25:46.640,70.69
HAR,ASK,2016-03-31 09:25:46.640,90.25
NTRS,ASK,2016-03-31 09:25:47.141,70.68
DISCA,BID,2016-03-31 09:25:47.142,27.21
HAR,ASK,2016-03-31 09:25:47.142,90.24
ANTM,ASK,2016-03-31 09:25:47.142,144.6
ANTM,ASK,2016-03-31 09:25:47.892,140.65
SBUX,BID,2016-03-31 09:25:47.892,59.55
MKC,ASK,2016-03-31 09:25:48.142,105.83
COG,BID,2016-03-31 09:25:48.142,22.28
DISCA,ASK,2016-03-31 09:25:48.392,29.13
DISCK,ASK,2016-03-31 09:25:48.393,27.78
TYC,BID,2016-03-31 09:25:48.643,33.66
COG,BID,2016-03-31 09:25:48.643,22.19
DISCK,ASK,2016-03-31 09:25:48.893,27.73
HAR,ASK,2016-03-31 09:25:48.893,90.23
SBUX,BID,2016-03-31 09:25:48.894,59.53
COG,BID,2016-03-31 09:25:49.143,22.42
VMC,ASK,2016-03-31 09:25:49.644,108.42
HAR,ASK,2016-03-31 09:25:49.894,90.22
EIX,BID,2016-03-31 09:25:50.145,68.8
BBBY,BID,2016-03-31 09:25:50.145,48.57
LRCX,BID,2016-03-31 09:25:50.395,79.82
KLAC,BID,2016-03-31 09:25:50.716,71.14
LRCX,BID,2016-03-31 09:25:50.896,80.28
HAR,ASK,2016-03-31 09:25:50.896,90.21
KLAC,BID,2016-03-31 09:25:51.146,71.44
HAR,ASK,2016-03-31 09:25:51.897,89.96
TXN,BID,2016-03-31 09:25:51.897,57.47
ADSK,BID,2016-03-31 09:25:52.147,55.56
ADBE,BID,2016-03-31 09:25:52.148,92.66
ADP,BID,2016-03-31 09:25:52.148,87.05
CHRW,BID,2016-03-31 09:25:52.149,70.82
SYMC,BID,2016-03-31 09:25:52.149,18.02
LRCX,ASK,2016-03-31 09:25:52.149,82.61
HAR,ASK,2016-03-31 09:25:52.898,89.95
TYC,BID,2016-03-31 09:25:53.148,36.24
TXN,BID,2016-03-31 09:25:53.399,57.61
MAR,BID,2016-03-31 09:25:53.399,70.76
MAT,BID,2016-03-31 09:25:54.150,32.27
STX,ASK,2016-03-31 09:25:54.150,34.6
MRO,ASK,2016-03-31 09:25:55.151,10.5
BLK,BID,2016-03-31 09:25:55.151,339.13
BLK,ASK,2016-03-31 09:25:55.152,342.49
XRX,ASK,2016-03-31 09:25:55.402,11.0
HBAN,BID,2016-03-31 09:25:56.653,9.35
NVDA,ASK,2016-03-31 09:25:57.404,35.99
VFC,BID,2016-03-31 09:25:57.654,64.49
NVDA,ASK,2016-03-31 09:25:57.905,36.42
HAR,ASK,2016-03-31 09:25:57.905,89.94
VFC,BID,2016-03-31 09:25:58.155,64.72
FFIV,ASK,2016-03-31 09:25:58.155,106.13
DISCA,BID,2016-03-31 09:25:58.156,27.19
MNST,BID,2016-03-31 09:25:58.906,126.63
TRV,BID,2016-03-31 09:25:59.156,116.02
UNH,BID,2016-03-31 09:25:59.157,128.71
UTX,BID,2016-03-31 09:25:59.157,99.1
DISCA,ASK,2016-03-31 09:25:59.157,29.15
DISCK,ASK,2016-03-31 09:25:59.157,27.76
GIS,ASK,2016-03-31 09:25:59.407,64.54
NTRS,ASK,2016-03-31 09:25:59.657,70.67
DISCK,ASK,2016-03-31 09:25:59.657,27.75
MNST,BID,2016-03-31 09:25:59.657,126.34
MYL,ASK,2016-03-31 09:25:59.907,46.44
CAT,ASK,2016-03-31 09:25:59.908,77.01
GIS,ASK,2016-03-31 09:25:59.908,63.9
TRV,BID,2016-03-31 09:26:00.158,115.78
UTX,BID,2016-03-31 09:26:00.158,98.9
YHOO,ASK,2016-03-31 09:26:00.158,36.63
MYL,BID,2016-03-31 09:26:00.408,46.31
MNST,BID,2016-03-31 09:26:00.729,126.31
YHOO,ASK,2016-03-31 09:26:00.729,37.06
MYL,BID,2016-03-31 09:26:00.909,46.28
TRV,BID,2016-03-31 09:26:01.159,115.54
UTX,BID,2016-03-31 09:26:01.159,98.7
DISCA,ASK,2016-03-31 09:26:01.160,29.11
DISCK,ASK,2016-03-31 09:26:01.160,27.78
NTRS,ASK,2016-03-31 09:26:01.160,70.66
STX,BID,2016-03-31 09:26:01.160,33.77
UAL,BID,2016-03-31 09:26:01.161,59.41
UAL,ASK,2016-03-31 09:26:01.161,60.2
LUV,ASK,2016-03-31 09:26:01.161,45.28
DAL,ASK,2016-03-31 09:26:01.161,49.55
EXPD,BID,2016-03-31 09:26:01.409,42.51
DISCK,ASK,2016-03-31 09:26:01.660,27.71
LRCX,ASK,2016-03-31 09:26:01.910,84.0
HAR,ASK,2016-03-31 09:26:01.910,89.93
DISCA,ASK,2016-03-31 09:26:01.910,29.15
CHRW,BID,2016-03-31 09:26:01.911,70.65
AAPL,BID,2016-03-31 09:26:01.911,109.43
TRV,BID,2016-03-31 09:26:02.160,115.3
UTX,BID,2016-03-31 09:26:02.160,98.5
DISCK,ASK,2016-03-31 09:26:02.161,27.75
TRV,BID,2016-03-31 09:26:03.162,115.11
UTX,BID,2016-03-31 09:26:03.162,98.3
QRVO,ASK,2016-03-31 09:26:03.162,52.48
DISCA,ASK,2016-03-31 09:26:03.163,29.12
DISCK,ASK,2016-03-31 09:26:03.163,27.78
CMCSA,BID,2016-03-31 09:26:03.412,59.97
HAL,ASK,2016-03-31 09:26:03.663,36.14
DISCK,ASK,2016-03-31 09:26:03.663,27.72
TXN,BID,2016-03-31 09:26:03.663,57.49
MYL,ASK,2016-03-31 09:26:04.163,46.45
GILD,ASK,2016-03-31 09:26:04.163,92.49
HAL,ASK,2016-03-31 09:26:04.164,36.17
UTX,BID,2016-03-31 09:26:04.164,98.23
D,BID,2016-03-31 09:26:04.413,74.22
DG,BID,2016-03-31 09:26:04.414,85.62
DLPH,BID,2016-03-31 09:26:04.414,74.45
VMC,BID,2016-03-31 09:26:04.415,104.66
MYL,ASK,2016-03-31 09:26:04.664,46.43
DPS,BID,2016-03-31 09:26:04.664,89.53
TDC,BID,2016-03-31 09:26:04.665,25.93
CMS,ASK,2016-03-31 09:26:04.665,42.53
FDX,BID,2016-03-31 09:26:04.666,160.25
ABC,BID,2016-03-31 09:26:05.415,86.58
HOG,BID,2016-03-31 09:26:05.415,49.17
KORS,BID,2016-03-31 09:26:05.416,56.44
ALLE,BID,2016-03-31 09:26:05.417,63.31
MOS,BID,2016-03-31 09:26:05.418,27.82
TGNA,BID,2016-03-31 09:26:05.666,23.47
CHD,BID,2016-03-31 09:26:05.666,91.28
APD,BID,2016-03-31 09:26:05.667,144.51
RTN,BID,2016-03-31 09:26:05.667,123.16
RSG,BID,2016-03-31 09:26:05.667,48.01
GME,BID,2016-03-31 09:26:05.667,31.46
KR,BID,2016-03-31 09:26:05.668,37.89
KSU,BID,2016-03-31 09:26:05.668,85.25
XEL,BID,2016-03-31 09:26:05.669,41.38
XOM,BID,2016-03-31 09:26:05.669,83.92
IP,BID,2016-03-31 09:26:05.670,40.78
ECL,BID,2016-03-31 09:26:05.670,111.84
ANTM,BID,2016-03-31 09:26:05.670,139.09
APH,BID,2016-03-31 09:26:05.670,57.31
TIF,BID,2016-03-31 09:26:05.671,72.12
TMO,BID,2016-03-31 09:26:05.671,140.04
TJX,BID,2016-03-31 09:26:05.671,78.28
SCG,BID,2016-03-31 09:26:05.671,69.19
GPS,BID,2016-03-31 09:26:05.672,29.49
SE,BID,2016-03-31 09:26:05.673,30.3
DD,BID,2016-03-31 09:26:05.674,63.56
JEC,BID,2016-03-31 09:26:05.675,43.3
EL,BID,2016-03-31 09:26:05.675,93.86
ABT,BID,2016-03-31 09:26:05.675,41.34
TSN,BID,2016-03-31 09:26:05.676,67.17
CMI,BID,2016-03-31 09:26:05.676,108.61
AWK,BID,2016-03-31 09:26:05.676,68.15
SIG,BID,2016-03-31 09:26:05.676,118.76
SHW,BID,2016-03-31 09:26:05.677,282.86
LVLT,BID,2016-03-31 09:26:05.678,52.41
DE,BID,2016-03-31 09:26:05.679,79.52
FOX,BID,2016-03-31 09:26:05.679,27.59
ADS,BID,2016-03-31 09:26:05.679,214.37
ADT,BID,2016-03-31 09:26:05.679,41.01
TXT,BID,2016-03-31 09:26:05.679,35.97
DISCA,ASK,2016-03-31 09:26:05.680,29.15
PGR,BID,2016-03-31 09:26:05.680,34.75
AES,BID,2016-03-31 09:26:05.680,11.53
DISCK,ASK,2016-03-31 09:26:05.681,27.75
BAX,BID,2016-03-31 09:26:05.681,41.01
FFIV,ASK,2016-03-31 09:26:05.681,107.72
WEC,BID,2016-03-31 09:26:05.682,59.14
PHM,BID,2016-03-31 09:26:05.682,18.27
ORCL,BID,2016-03-31 09:26:05.682,40.66
DOV,BID,2016-03-31 09:26:05.682,63.79
TROW,BID,2016-03-31 09:26:05.682,71.2
ESV,BID,2016-03-31 09:26:05.683,9.97
UNH,BID,2016-03-31 09:26:05.683,128.74
UPS,BID,2016-03-31 09:26:05.683,105.06
ALXN,ASK,2016-03-31 09:26:05.683,139.67
BSX,BID,2016-03-31 09:26:05.684,18.71
MHFI,BID,2016-03-31 09:26:05.684,97.94
PKI,BID,2016-03-31 09:26:05.684,48.92
BWA,BID,2016-03-31 09:26:05.685,37.66
STJ,BID,2016-03-31 09:26:05.685,54.58
FTI,BID,2016-03-31 09:26:05.685,26.88
PNR,BID,2016-03-31 09:26:05.685,53.64
PPL,BID,2016-03-31 09:26:05.686,37.44
HOT,BID,2016-03-31 09:26:05.686,83.03
HRS,BID,2016-03-31 09:26:05.686,78.11
STZ,BID,2016-03-31 09:26:05.687,150.7
CPB,BID,2016-03-31 09:26:05.687,63.86
CCI,BID,2016-03-31 09:26:05.687,86.3
RL,BID,2016-03-31 09:26:05.688,96.39
NFX,BID,2016-03-31 09:26:05.688,32.15
IPG,BID,2016-03-31 09:26:05.688,22.71
FMC,BID,2016-03-31 09:26:05.688,40.99
NSC,BID,2016-03-31 09:26:05.915,84.29
DVA,BID,2016-03-31 09:26:05.916,72.5
HAR,ASK,2016-03-31 09:26:05.916,89.92
TRV,BID,2016-03-31 09:26:06.166,115.05
MAT,BID,2016-03-31 09:26:06.166,32.19
BXLT,ASK,2016-03-31 09:26:06.416,40.75
CHRW,BID,2016-03-31 09:26:06.416,70.68
EL,ASK,2016-03-31 09:26:06.667,96.23
ROK,BID,2016-03-31 09:26:06.667,105.86
DAL,ASK,2016-03-31 09:26:06.987,49.56
BXLT,ASK,2016-03-31 09:26:07.167,40.32
ABT,ASK,2016-03-31 09:26:07.168,41.92
RF,ASK,2016-03-31 09:26:07.169,7.9
ATVI,BID,2016-03-31 09:26:07.170,33.4
CA,BID,2016-03-31 09:26:07.170,29.9
AIV,ASK,2016-03-31 09:26:07.171,41.89
BBBY,BID,2016-03-31 09:26:07.171,48.51
NWS,BID,2016-03-31 09:26:07.171,12.5
ADP,BID,2016-03-31 09:26:07.171,86.85
ADBE,BID,2016-03-31 09:26:07.172,92.46
EL,ASK,2016-03-31 09:26:07.172,94.98
ADSK,BID,2016-03-31 09:26:07.172,55.5
AMP,ASK,2016-03-31 09:26:07.173,95.48
ROK,BID,2016-03-31 09:26:07.418,105.43
TROW,BID,2016-03-31 09:26:07.418,71.18
HRS,ASK,2016-03-31 09:26:07.418,79.6
HRL,ASK,2016-03-31 09:26:07.419,44.11
CMA,ASK,2016-03-31 09:26:07.419,38.15
XOM,ASK,2016-03-31 09:26:07.420,84.9
NEM,ASK,2016-03-31 09:26:07.422,27.18
HCP,ASK,2016-03-31 09:26:07.423,32.99
BBT,ASK,2016-03-31 09:26:07.423,33.75
HCN,ASK,2016-03-31 09:26:07.424,69.25
CAH,BID,2016-03-31 09:26:07.426,81.07
CBG,BID,2016-03-31 09:26:07.426,28.28
KORS,ASK,2016-03-31 09:26:07.670,57.28
HOG,ASK,2016-03-31 09:26:07.671,49.62
CI,ASK,2016-03-31 09:26:07.672,138.61
CPB,ASK,2016-03-31 09:26:07.672,64.5
AFL,ASK,2016-03-31 09:26:07.673,64.03
NSC,ASK,2016-03-31 09:26:07.673,85.29
CSRA,ASK,2016-03-31 09:26:07.674,27.43
NWS,BID,2016-03-31 09:26:07.675,12.52
AMP,BID,2016-03-31 09:26:07.677,94.2
OXY,ASK,2016-03-31 09:26:07.677,68.67
HRS,ASK,2016-03-31 09:26:07.919,79.3
GME,BID,2016-03-31 09:26:07.921,30.5
IBM,BID,2016-03-31 09:26:07.921,148.85
MMM,ASK,2016-03-31 09:26:07.922,167.35
CMA,BID,2016-03-31 09:26:07.922,37.37
GPS,ASK,2016-03-31 09:26:07.922,29.83
HAL,ASK,2016-03-31 09:26:07.923,36.14
BA,ASK,2016-03-31 09:26:07.923,129.31
HCP,ASK,2016-03-31 09:26:07.923,32.7
MYL,ASK,2016-03-31 09:26:07.924,46.45
CMI,ASK,2016-03-31 09:26:07.925,109.86
CAH,ASK,2016-03-31 09:26:07.925,82.3
TRV,BID,2016-03-31 09:26:08.168,115.02
ABC,ASK,2016-03-31 09:26:08.169,87.77
CF,BID,2016-03-31 09:26:08.169,31.65
ANTM,ASK,2016-03-31 09:26:08.170,141.17
AET,BID,2016-03-31 09:26:08.418,113.26
CBG,BID,2016-03-31 09:26:08.419,28.19
RSG,ASK,2016-03-31 09:26:08.419,48.69
FMC,ASK,2016-03-31 09:26:08.419,41.55
CMA,BID,2016-03-31 09:26:08.420,37.34
APH,ASK,2016-03-31 09:26:08.669,58.04
APD,ASK,2016-03-31 09:26:08.920,145.98
BXLT,ASK,2016-03-31 09:26:09.170,40.75
HRL,BID,2016-03-31 09:26:09.170,43.68
CTAS,ASK,2016-03-31 09:26:09.170,91.39
CBG,BID,2016-03-31 09:26:09.420,28.1
GE,TRADE,2016-03-31 09:26:09.671,31.85
TRV,BID,2016-03-31 09:26:10.171,114.97
GE,ASK,2016-03-31 09:26:10.171,31.95
MS,ASK,2016-03-31 09:26:10.172,25.25
STT,BID,2016-03-31 09:26:10.421,57.55
STT,ASK,2016-03-31 09:26:10.421,59.9
CBG,BID,2016-03-31 09:26:10.422,28.01
STT,ASK,2016-03-31 09:26:10.922,59.89
HAR,ASK,2016-03-31 09:26:10.922,89.91
TXN,ASK,2016-03-31 09:26:11.172,58.86
CBG,BID,2016-03-31 09:26:11.423,27.99
TSN,BID,2016-03-31 09:26:11.423,67.16
STT,ASK,2016-03-31 09:26:11.673,59.88
MO,BID,2016-03-31 09:26:11.674,62.41
BAC,BID,2016-03-31 09:26:11.674,13.47
TSN,ASK,2016-03-31 09:26:11.924,68.3
TRV,BID,2016-03-31 09:26:12.174,114.92
NFX,ASK,2016-03-31 09:26:12.174,32.89
ADBE,BID,2016-03-31 09:26:12.174,92.66
BAC,BID,2016-03-31 09:26:12.175,13.46
XEC,ASK,2016-03-31 09:26:12.175,97.15
VFC,BID,2016-03-31 09:26:12.424,64.66
SE,ASK,2016-03-31 09:26:12.424,31.0
TSN,BID,2016-03-31 09:26:12.425,67.02
TSN,ASK,2016-03-31 09:26:12.425,67.86
MLM,ASK,2016-03-31 09:26:12.425,160.0
UNH,ASK,2016-03-31 09:26:12.674,130.77
XEL,BID,2016-03-31 09:26:12.675,41.27
XEL,ASK,2016-03-31 09:26:12.675,41.84
M,BID,2016-03-31 09:26:12.676,43.42
SE,ASK,2016-03-31 09:26:12.925,30.8
SYF,BID,2016-03-31 09:26:12.925,28.1
GE,BID,2016-03-31 09:26:12.926,31.83
MON,BID,2016-03-31 09:26:12.926,90.09
SCHW,ASK,2016-03-31 09:26:12.927,28.7
MLM,ASK,2016-03-31 09:26:12.927,155.9
MOS,ASK,2016-03-31 09:26:13.175,28.66
PCG,BID,2016-03-31 09:26:13.175,58.9
XEC,ASK,2016-03-31 09:26:13.175,97.36
XYL,BID,2016-03-31 09:26:13.176,40.71
UNH,ASK,2016-03-31 09:26:13.176,130.49
R,ASK,2016-03-31 09:26:13.176,65.34
LUV,ASK,2016-03-31 09:26:13.425,45.63
WRK,ASK,2016-03-31 09:26:13.425,38.62
WYN,BID,2016-03-31 09:26:13.426,75.64
MYL,ASK,2016-03-31 09:26:13.426,46.37
GE,BID,2016-03-31 09:26:13.426,31.82
MMM,BID,2016-03-31 09:26:13.427,165.79
MMM,ASK,2016-03-31 09:26:13.427,167.29
PNC,ASK,2016-03-31 09:26:13.427,86.93
TJX,ASK,2016-03-31 09:26:13.675,79.13
MOS,ASK,2016-03-31 09:26:13.676,28.27
STZ,ASK,2016-03-31 09:26:13.676,155.8
SCHW,ASK,2016-03-31 09:26:13.676,28.31
SNA,BID,2016-03-31 09:26:13.677,157.73
STT,ASK,2016-03-31 09:26:13.677,59.87
NFX,ASK,2016-03-31 09:26:13.677,33.03
TIF,ASK,2016-03-31 09:26:13.678,73.18
GM,ASK,2016-03-31 09:26:13.926,31.21
LUV,ASK,2016-03-31 09:26:13.926,45.23
COF,BID,2016-03-31 09:26:13.927,68.47
COF,ASK,2016-03-31 09:26:13.927,69.4
MA,BID,2016-03-31 09:26:13.927,93.1
MA,ASK,2016-03-31 09:26:13.927,94.49
TRV,BID,2016-03-31 09:26:13.928,114.86
MYL,BID,2016-03-31 09:26:13.928,46.26
PNC,ASK,2016-03-31 09:26:13.928,85.49
DFS,BID,2016-03-31 09:26:13.929,49.74
DFS,ASK,2016-03-31 09:26:13.929,50.53
VNO,ASK,2016-03-31 09:26:13.929,95.77
RCL,ASK,2016-03-31 09:26:13.929,81.84
JEC,BID,2016-03-31 09:26:14.176,43.26
SHW,ASK,2016-03-31 09:26:14.177,286.13
STZ,ASK,2016-03-31 09:26:14.177,152.76
MCO,BID,2016-03-31 09:26:14.177,94.7
KSU,ASK,2016-03-31 09:26:14.178,86.93
GM,ASK,2016-03-31 09:26:14.427,31.15
MYL,BID,2016-03-31 09:26:14.428,46.17
VNO,ASK,2016-03-31 09:26:14.428,94.3
RCL,ASK,2016-03-31 09:26:14.429,81.55
SJM,BID,2016-03-31 09:26:14.429,129.45
NTRS,ASK,2016-03-31 09:26:14.677,70.65
MCO,BID,2016-03-31 09:26:14.677,94.92
STT,ASK,2016-03-31 09:26:14.678,59.86
MYL,BID,2016-03-31 09:26:15.179,46.1
BAC,ASK,2016-03-31 09:26:15.179,13.47
BBBY,ASK,2016-03-31 09:26:15.678,50.74
MYL,BID,2016-03-31 09:26:15.678,46.2
BAC,ASK,2016-03-31 09:26:15.679,13.48
STT,ASK,2016-03-31 09:26:15.679,59.85
LB,BID,2016-03-31 09:26:15.679,87.91
HAR,ASK,2016-03-31 09:26:15.929,89.9
MYL,BID,2016-03-31 09:26:16.180,46.23
TRV,BID,2016-03-31 09:26:16.180,114.79
LB,ASK,2016-03-31 09:26:16.180,88.86
RL,ASK,2016-03-31 09:26:16.429,98.77
MLM,ASK,2016-03-31 09:26:16.679,160.0
MYL,BID,2016-03-31 09:26:16.680,46.26
STT,ASK,2016-03-31 09:26:16.680,59.84
RL,BID,2016-03-31 09:26:16.930,96.09
RL,ASK,2016-03-31 09:26:16.930,97.18
BAC,ASK,2016-03-31 09:26:16.930,13.47
MLM,ASK,2016-03-31 09:26:17.180,156.01
RL,BID,2016-03-31 09:26:17.931,96.03
STX,BID,2016-03-31 09:26:17.932,33.7
UTX,BID,2016-03-31 09:26:18.181,98.53
DD,BID,2016-03-31 09:26:18.431,63.59
STT,ASK,2016-03-31 09:26:18.682,59.83
NVDA,ASK,2016-03-31 09:26:18.932,35.99
UTX,BID,2016-03-31 09:26:19.182,99.31
CBG,BID,2016-03-31 09:26:19.183,27.9
ADSK,ASK,2016-03-31 09:26:19.183,59.53
TRV,BID,2016-03-31 09:26:19.183,114.71
NVDA,ASK,2016-03-31 09:26:19.433,36.42
WFC,TRADE,2016-03-31 09:26:19.684,48.7
GM,ASK,2016-03-31 09:26:19.684,31.21
CBG,BID,2016-03-31 09:26:19.684,28.38
TXN,BID,2016-03-31 09:26:19.685,57.61
STT,ASK,2016-03-31 09:26:19.685,59.82
WFC,BID,2016-03-31 09:26:19.685,48.51
WFC,ASK,2016-03-31 09:26:19.685,48.8
USB,ASK,2016-03-31 09:26:19.686,41.19
ADP,BID,2016-03-31 09:26:20.184,87.05
WFC,BID,2016-03-31 09:26:20.184,48.5
USB,ASK,2016-03-31 09:26:20.184,41.24
MYL,ASK,2016-03-31 09:26:20.755,46.47
A,BID,2016-03-31 09:26:20.755,35.84
STT,ASK,2016-03-31 09:26:20.756,59.81
KEY,BID,2016-03-31 09:26:20.756,11.02
KIM,BID,2016-03-31 09:26:20.935,28.08
AEE,BID,2016-03-31 09:26:20.935,43.57
KO,BID,2016-03-31 09:26:20.935,46.33
PBI,BID,2016-03-31 09:26:20.936,19.47
KSS,BID,2016-03-31 09:26:21.185,44.18
MYL,ASK,2016-03-31 09:26:21.186,46.35
PEP,BID,2016-03-31 09:26:21.186,100.63
NBL,ASK,2016-03-31 09:26:21.186,30.89
CLX,BID,2016-03-31 09:26:21.187,126.0
AIG,BID,2016-03-31 09:26:21.187,54.0
STT,BID,2016-03-31 09:26:21.187,56.57
EOG,ASK,2016-03-31 09:26:21.188,74.03
TRV,BID,2016-03-31 09:26:21.188,114.64
SNI,BID,2016-03-31 09:26:21.188,59.24
TGT,BID,2016-03-31 09:26:21.435,82.05
LLL,BID,2016-03-31 09:26:21.436,116.13
THC,BID,2016-03-31 09:26:21.436,28.17
LLY,BID,2016-03-31 09:26:21.436,71.24
TXN,BID,2016-03-31 09:26:21.436,57.49
COH,BID,2016-03-31 09:26:21.437,37.15
AN,BID,2016-03-31 09:26:21.437,41.41
LYB,BID,2016-03-31 09:26:21.686,84.07
BHI,ASK,2016-03-31 09:26:21.686,43.49
M,BID,2016-03-31 09:26:21.686,43.4
WHR,BID,2016-03-31 09:26:21.687,176.25
MAS,BID,2016-03-31 09:26:21.687,29.56
ARG,BID,2016-03-31 09:26:21.687,138.93
COG,ASK,2016-03-31 09:26:21.936,22.83
EOG,ASK,2016-03-31 09:26:21.936,73.97
TSO,BID,2016-03-31 09:26:21.937,85.0
HAR,ASK,2016-03-31 09:26:21.937,89.89
MET,BID,2016-03-31 09:26:21.937,43.87
GLW,BID,2016-03-31 09:26:21.938,20.42
RAI,BID,2016-03-31 09:26:21.938,50.24
SNI,BID,2016-03-31 09:26:21.938,59.08
AVB,BID,2016-03-31 09:26:21.939,187.24
TWX,BID,2016-03-31 09:26:21.939,71.35
TYC,BID,2016-03-31 09:26:22.186,33.66
UA,BID,2016-03-31 09:26:22.187,85.0
MKC,BID,2016-03-31 09:26:22.187,97.74
WHR,BID,2016-03-31 09:26:22.187,175.87
MO,BID,2016-03-31 09:26:22.188,62.29
MON,BID,2016-03-31 09:26:22.188,90.03
MPC,BID,2016-03-31 09:26:22.189,35.84
BA,BID,2016-03-31 09:26:22.189,127.61
URI,BID,2016-03-31 09:26:22.189,57.45
UTX,BID,2016-03-31 09:26:22.437,98.23
V,BID,2016-03-31 09:26:22.437,76.25
HCP,BID,2016-03-31 09:26:22.437,32.1
VAR,BID,2016-03-31 09:26:22.438,72.0
HD,BID,2016-03-31 09:26:22.438,132.0
BBY,BID,2016-03-31 09:26:22.438,30.95
STT,BID,2016-03-31 09:26:22.687,56.58
STT,ASK,2016-03-31 09:26:22.687,59.8
WHR,BID,2016-03-31 09:26:22.687,176.08
TRV,BID,2016-03-31 09:26:22.688,114.57
NEE,BID,2016-03-31 09:26:22.937,116.12
SNI,BID,2016-03-31 09:26:22.938,58.92
WMT,BID,2016-03-31 09:26:23.188,68.4
TXN,ASK,2016-03-31 09:26:23.188,58.9
AAPL,TRADE,2016-03-31 09:26:23.438,109.43
NUE,BID,2016-03-31 09:26:23.439,47.11
ARG,BID,2016-03-31 09:26:23.439,138.94
LYB,BID,2016-03-31 09:26:23.439,84.08
PYPL,BID,2016-03-31 09:26:23.440,38.72
CAG,BID,2016-03-31 09:26:23.440,42.04
XEL,BID,2016-03-31 09:26:23.440,40.71
SNI,BID,2016-03-31 09:26:23.441,58.93
EQR,BID,2016-03-31 09:26:23.441,72.96
URI,BID,2016-03-31 09:26:23.441,57.46
NTRS,ASK,2016-03-31 09:26:23.442,70.64
JCI,BID,2016-03-31 09:26:23.442,38.06
ES,BID,2016-03-31 09:26:23.688,44.64
STT,BID,2016-03-31 09:26:23.689,56.59
STT,ASK,2016-03-31 09:26:23.689,59.79
ZTS,BID,2016-03-31 09:26:23.689,39.59
OMC,BID,2016-03-31 09:26:23.689,76.57
DTE,BID,2016-03-31 09:26:23.690,88.0
WFC,ASK,2016-03-31 09:26:24.190,48.79
RF,OPEN,2016-03-31 09:26:24.690,7.87
RF,TRADE,2016-03-31 09:26:24.691,7.87
TRV,BID,2016-03-31 09:26:24.692,114.5
RF,BID,2016-03-31 09:26:24.692,7.76
MNST,BID,2016-03-31 09:26:24.940,125.63
CMA,BID,2016-03-31 09:26:24.940,37.41
DISCA,ASK,2016-03-31 09:26:25.190,29.12
DISCK,ASK,2016-03-31 09:26:25.191,27.78
INTU,ASK,2016-03-31 09:26:25.191,105.81
ALXN,ASK,2016-03-31 09:26:25.191,137.29
STT,BID,2016-03-31 09:26:25.691,56.6
STT,ASK,2016-03-31 09:26:25.691,59.78
DISCK,ASK,2016-03-31 09:26:25.691,27.72
OMC,BID,2016-03-31 09:26:25.941,77.7
OMC,ASK,2016-03-31 09:26:25.941,87.03
FOXA,ASK,2016-03-31 09:26:25.942,28.21
VIAB,ASK,2016-03-31 09:26:26.191,40.98
TMO,BID,2016-03-31 09:26:26.192,140.06
MAT,BID,2016-03-31 09:26:26.192,32.27
AAPL,ASK,2016-03-31 09:26:26.192,109.5
OMC,BID,2016-03-31 09:26:26.442,78.57
OMC,ASK,2016-03-31 09:26:26.442,87.89
FOXA,ASK,2016-03-31 09:26:26.442,28.29
WHR,ASK,2016-03-31 09:26:26.443,177.83
VIAB,ASK,2016-03-31 09:26:26.692,41.06
STT,BID,2016-03-31 09:26:26.692,56.61
STT,ASK,2016-03-31 09:26:26.692,59.77
STX,BID,2016-03-31 09:26:26.942,33.79
TRV,BID,2016-03-31 09:26:26.943,114.43
ANTM,BID,2016-03-31 09:26:26.944,139.1
FOX,BID,2016-03-31 09:26:26.944,27.57
VIAB,ASK,2016-03-31 09:26:27.193,42.06
ATVI,BID,2016-03-31 09:26:27.193,33.5
DISCA,BID,2016-03-31 09:26:27.194,27.23
SYMC,BID,2016-03-31 09:26:27.194,18.08
CA,BID,2016-03-31 09:26:27.194,29.91
NWS,BID,2016-03-31 09:26:27.443,12.49
JWN,BID,2016-03-31 09:26:27.444,56.3
FOX,BID,2016-03-31 09:26:27.444,27.64
VIAB,ASK,2016-03-31 09:26:27.694,41.24
STT,BID,2016-03-31 09:26:27.694,56.62
STT,ASK,2016-03-31 09:26:27.694,59.76
NWS,BID,2016-03-31 09:26:27.944,12.53
FDX,BID,2016-03-31 09:26:27.945,160.27
JWN,BID,2016-03-31 09:26:27.945,57.07
HAR,ASK,2016-03-31 09:26:27.945,89.88
VIAB,ASK,2016-03-31 09:26:28.194,42.06
VIAB,ASK,2016-03-31 09:26:28.695,41.42
VIAB,ASK,2016-03-31 09:26:29.195,42.06
TRV,BID,2016-03-31 09:26:29.196,114.35
USB,ASK,2016-03-31 09:26:29.196,41.26
VIAB,ASK,2016-03-31 09:26:29.696,41.6
STT,BID,2016-03-31 09:26:29.696,56.63
STT,ASK,2016-03-31 09:26:29.696,59.75
USB,ASK,2016-03-31 09:26:29.697,41.21
FCX,TRADE,2016-03-31 09:26:30.197,10.11
VIAB,ASK,2016-03-31 09:26:30.199,42.06
GE,ASK,2016-03-31 09:26:30.199,31.88
MYL,BID,2016-03-31 09:26:30.200,46.24
GS,BID,2016-03-31 09:26:30.447,155.19
VIAB,ASK,2016-03-31 09:26:30.768,41.77
PNC,BID,2016-03-31 09:26:30.769,83.88
PNC,ASK,2016-03-31 09:26:30.769,86.93
GE,ASK,2016-03-31 09:26:30.769,31.89
STT,BID,2016-03-31 09:26:30.769,56.64
STT,ASK,2016-03-31 09:26:30.769,59.74
NEM,BID,2016-03-31 09:26:30.770,26.82
SYF,ASK,2016-03-31 09:26:30.948,28.42
GS,BID,2016-03-31 09:26:31.198,155.0
GS,ASK,2016-03-31 09:26:31.198,157.63
ADBE,BID,2016-03-31 09:26:31.198,92.46
VIAB,ASK,2016-03-31 09:26:31.199,42.06
TRV,BID,2016-03-31 09:26:31.199,114.27
ADP,BID,2016-03-31 09:26:31.199,86.85
FOX,BID,2016-03-31 09:26:31.448,27.65
VIAB,ASK,2016-03-31 09:26:31.699,41.95
ABBV,ASK,2016-03-31 09:26:31.699,58.17
MCHP,BID,2016-03-31 09:26:31.699,48.12
MDLZ,BID,2016-03-31 09:26:31.700,39.87
NWSA,BID,2016-03-31 09:26:31.700,12.35
PAYX,BID,2016-03-31 09:26:31.949,52.21
PCAR,BID,2016-03-31 09:26:31.949,49.61
QCOM,BID,2016-03-31 09:26:31.950,50.7
SBUX,BID,2016-03-31 09:26:31.950,59.48
SPLS,BID,2016-03-31 09:26:31.950,10.81
SWKS,BID,2016-03-31 09:26:31.950,77.1
TRIP,BID,2016-03-31 09:26:31.951,64.62
TXN,BID,2016-03-31 09:26:31.951,57.41
WBA,BID,2016-03-31 09:26:32.199,82.35
XLNX,BID,2016-03-31 09:26:32.200,47.18
VIAB,ASK,2016-03-31 09:26:32.200,42.06
ZION,BID,2016-03-31 09:26:32.200,22.1
CHRW,BID,2016-03-31 09:26:32.201,70.84
ADBE,BID,2016-03-31 09:26:32.201,92.36
ADI,BID,2016-03-31 09:26:32.201,55.76
ADP,BID,2016-03-31 09:26:32.202,86.72
ROST,BID,2016-03-31 09:26:32.202,56.13
AKAM,BID,2016-03-31 09:26:32.202,54.24
ALXN,BID,2016-03-31 09:26:32.202,131.26
AMGN,BID,2016-03-31 09:26:32.203,148.24
NEM,ASK,2016-03-31 09:26:32.450,27.09
CMCSA,BID,2016-03-31 09:26:32.450,59.92
COST,BID,2016-03-31 09:26:32.450,156.97
CTSH,BID,2016-03-31 09:26:32.451,59.02
EA,BID,2016-03-31 09:26:32.451,65.75
FISV,BID,2016-03-31 09:26:32.451,100.97
FOXA,BID,2016-03-31 09:26:32.452,27.4
FOX,BID,2016-03-31 09:26:32.452,27.64
GRMN,BID,2016-03-31 09:26:32.452,39.27
NTRS,ASK,2016-03-31 09:26:32.452,70.63
JBHT,BID,2016-03-31 09:26:32.700,-1.0
STT,BID,2016-03-31 09:26:32.700,56.65
STT,ASK,2016-03-31 09:26:32.701,59.73
NEM,ASK,2016-03-31 09:26:32.951,27.18
GE,BID,2016-03-31 09:26:32.951,31.81
NTRS,ASK,2016-03-31 09:26:32.952,70.62
AAP,ASK,2016-03-31 09:26:33.201,164.27
TRV,BID,2016-03-31 09:26:33.201,114.2
A,BID,2016-03-31 09:26:33.202,37.15
A,ASK,2016-03-31 09:26:33.202,40.43
ABBV,ASK,2016-03-31 09:26:33.202,57.91
AIG,BID,2016-03-31 09:26:33.451,54.3
AIG,ASK,2016-03-31 09:26:33.451,55.04
AN,BID,2016-03-31 09:26:33.452,41.86
ARG,BID,2016-03-31 09:26:33.702,141.14
ARG,ASK,2016-03-31 09:26:33.702,142.66
AVB,BID,2016-03-31 09:26:33.702,187.33
A,BID,2016-03-31 09:26:33.702,37.12
A,ASK,2016-03-31 09:26:33.702,40.46
AAP,ASK,2016-03-31 09:26:33.702,164.4
AXP,ASK,2016-03-31 09:26:33.703,60.72
BA,ASK,2016-03-31 09:26:33.703,128.96
BBY,BID,2016-03-31 09:26:33.952,31.3
HAR,ASK,2016-03-31 09:26:33.952,89.87
BLL,ASK,2016-03-31 09:26:33.952,72.01
MYL,ASK,2016-03-31 09:26:34.202,46.48
BXLT,ASK,2016-03-31 09:26:34.203,40.59
CAG,BID,2016-03-31 09:26:34.203,42.34
CAM,ASK,2016-03-31 09:26:34.203,68.41
CAT,ASK,2016-03-31 09:26:34.203,76.89
RF,BID,2016-03-31 09:26:34.203,7.78
CB,ASK,2016-03-31 09:26:34.204,121.03
CCE,ASK,2016-03-31 09:26:34.453,55.63
FOX,ASK,2016-03-31 09:26:34.453,28.5
FOXA,ASK,2016-03-31 09:26:34.453,28.44
CLX,BID,2016-03-31 09:26:34.703,126.23
CLX,ASK,2016-03-31 09:26:34.703,129.17
AN,BID,2016-03-31 09:26:34.703,41.81
ARG,BID,2016-03-31 09:26:34.704,141.03
ARG,ASK,2016-03-31 09:26:34.704,142.77
MYL,ASK,2016-03-31 09:26:34.704,46.52
BBY,BID,2016-03-31 09:26:34.704,31.25
STT,BID,2016-03-31 09:26:34.704,56.66
STT,ASK,2016-03-31 09:26:34.704,59.72
BLL,ASK,2016-03-31 09:26:34.705,72.07
CAM,ASK,2016-03-31 09:26:34.705,68.46
CCE,ASK,2016-03-31 09:26:34.953,55.67
FOX,ASK,2016-03-31 09:26:34.953,28.46
FOXA,ASK,2016-03-31 09:26:34.953,28.25
TRV,BID,2016-03-31 09:26:34.954,114.13
MAT,BID,2016-03-31 09:26:34.954,32.14
MYL,BID,2016-03-31 09:26:35.204,45.97
DPS,ASK,2016-03-31 09:26:35.204,90.53
ADBE,BID,2016-03-31 09:26:35.204,92.38
ADP,BID,2016-03-31 09:26:35.204,86.74
DVN,ASK,2016-03-31 09:26:35.204,26.89
ED,ASK,2016-03-31 09:26:35.204,77.76
ES,OPEN,2016-03-31 09:26:35.454,57.74
EQR,BID,2016-03-31 09:26:35.454,74.38
EQT,ASK,2016-03-31 09:26:35.455,74.48
ES,BID,2016-03-31 09:26:35.455,56.9
ES,ASK,2016-03-31 09:26:35.455,58.57
MYL,ASK,2016-03-31 09:26:35.704,46.54
STT,BID,2016-03-31 09:26:35.704,56.67
STT,ASK,2016-03-31 09:26:35.704,59.71
GIS,ASK,2016-03-31 09:26:36.205,63.67
GLW,BID,2016-03-31 09:26:36.205,20.56
GM,ASK,2016-03-31 09:26:36.206,31.17
MYL,BID,2016-03-31 09:26:36.206,45.69
MYL,ASK,2016-03-31 09:26:36.206,46.35
GS,ASK,2016-03-31 09:26:36.206,157.03
HAR,ASK,2016-03-31 09:26:36.206,89.62
HCA,ASK,2016-03-31 09:26:36.206,79.07
HD,BID,2016-03-31 09:26:36.207,132.52
HCP,BID,2016-03-31 09:26:36.207,32.27
AET,BID,2016-03-31 09:26:36.455,112.86
HIG,ASK,2016-03-31 09:26:36.455,46.54
IBM,ASK,2016-03-31 09:26:36.706,149.54
MYL,BID,2016-03-31 09:26:36.706,46.23
MYL,ASK,2016-03-31 09:26:36.706,46.42
JCI,BID,2016-03-31 09:26:36.706,38.49
JCI,ASK,2016-03-31 09:26:36.706,39.24
AET,BID,2016-03-31 09:26:36.956,113.35
KEY,BID,2016-03-31 09:26:36.956,11.05
KIM,BID,2016-03-31 09:26:36.957,28.27
KIM,ASK,2016-03-31 09:26:36.957,29.13
KSS,BID,2016-03-31 09:26:36.957,44.77
KSS,ASK,2016-03-31 09:26:36.957,46.9
FOX,BID,2016-03-31 09:26:36.957,27.73
FOXA,ASK,2016-03-31 09:26:36.957,28.28
LH,ASK,2016-03-31 09:26:37.207,118.37
LLL,BID,2016-03-31 09:26:37.207,118.54
LLL,ASK,2016-03-31 09:26:37.207,125.55
TRV,BID,2016-03-31 09:26:37.208,114.05
DISCA,ASK,2016-03-31 09:26:37.208,29.15
ADSK,BID,2016-03-31 09:26:37.208,55.58
ATVI,BID,2016-03-31 09:26:37.208,33.38
DISCK,ASK,2016-03-31 09:26:37.208,27.75
LNC,ASK,2016-03-31 09:26:37.208,40.48
MYL,ASK,2016-03-31 09:26:37.208,47.57
ZION,BID,2016-03-31 09:26:37.209,22.07
LYB,BID,2016-03-31 09:26:37.209,84.64
MA,ASK,2016-03-31 09:26:37.209,94.45
MAS,BID,2016-03-31 09:26:37.209,30.21
MAS,ASK,2016-03-31 09:26:37.209,32.05
MCD,ASK,2016-03-31 09:26:37.210,126.77
MCK,ASK,2016-03-31 09:26:37.210,161.88
MDT,ASK,2016-03-31 09:26:37.210,75.65
CTL,ASK,2016-03-31 09:26:37.210,32.04
MET,BID,2016-03-31 09:26:37.457,44.4
MET,ASK,2016-03-31 09:26:37.457,45.29
MKC,BID,2016-03-31 09:26:37.457,99.22
MO,BID,2016-03-31 09:26:37.458,62.35
MPC,BID,2016-03-31 09:26:37.458,36.19
MS,ASK,2016-03-31 09:26:37.458,25.21
FOX,ASK,2016-03-31 09:26:37.458,28.56
FOXA,ASK,2016-03-31 09:26:37.458,28.41
MTB,ASK,2016-03-31 09:26:37.458,112.96
NOC,OPEN,2016-03-31 09:26:37.707,201.66
STT,BID,2016-03-31 09:26:37.707,56.68
STT,ASK,2016-03-31 09:26:37.708,59.7
NEE,BID,2016-03-31 09:26:37.708,116.81
NEE,ASK,2016-03-31 09:26:37.708,119.76
MYL,ASK,2016-03-31 09:26:37.708,46.48
NFX,ASK,2016-03-31 09:26:37.708,32.93
NOC,ASK,2016-03-31 09:26:37.708,205.97
NUE,BID,2016-03-31 09:26:37.957,47.3
PBI,BID,2016-03-31 09:26:38.208,20.02
QRVO,ASK,2016-03-31 09:26:38.208,52.65
NVDA,ASK,2016-03-31 09:26:38.208,35.99
DISCA,BID,2016-03-31 09:26:38.208,27.13
PEP,BID,2016-03-31 09:26:38.208,100.9
PG,ASK,2016-03-31 09:26:38.209,83.06
GPC,BID,2016-03-31 09:26:38.458,92.23
GPC,ASK,2016-03-31 09:26:38.458,107.96
PNC,BID,2016-03-31 09:26:38.458,84.28
PNC,ASK,2016-03-31 09:26:38.458,85.78
PRU,ASK,2016-03-31 09:26:38.459,73.7
OMC,ASK,2016-03-31 09:26:38.708,88.21
NVDA,ASK,2016-03-31 09:26:38.709,36.42
STT,BID,2016-03-31 09:26:38.709,56.69
STT,ASK,2016-03-31 09:26:38.709,59.69
SIG,ASK,2016-03-31 09:26:38.959,121.86
SLB,ASK,2016-03-31 09:26:38.959,75.22
GE,BID,2016-03-31 09:26:38.959,31.82
ATVI,ASK,2016-03-31 09:26:39.209,34.19
EA,ASK,2016-03-31 09:26:39.209,66.94
SYMC,BID,2016-03-31 09:26:39.209,18.02
OMC,ASK,2016-03-31 09:26:39.210,88.44
STI,ASK,2016-03-31 09:26:39.210,36.78
STT,BID,2016-03-31 09:26:39.210,57.49
STT,ASK,2016-03-31 09:26:39.210,58.89
TAP,ASK,2016-03-31 09:26:39.459,97.0
THC,BID,2016-03-31 09:26:39.460,28.25
EA,ASK,2016-03-31 09:26:39.710,66.96
MAT,BID,2016-03-31 09:26:39.710,32.16
TSO,ASK,2016-03-31 09:26:39.710,87.83
TRV,BID,2016-03-31 09:26:39.710,113.95
TWX,BID,2016-03-31 09:26:39.710,71.37
TWX,ASK,2016-03-31 09:26:39.711,72.44
TYC,BID,2016-03-31 09:26:39.711,36.19
UA,BID,2016-03-31 09:26:39.960,85.1
UAL,ASK,2016-03-31 09:26:39.960,60.15
UTX,BID,2016-03-31 09:26:39.961,99.19
V,BID,2016-03-31 09:26:39.961,76.37
VAR,BID,2016-03-31 09:26:39.961,77.37
VAR,ASK,2016-03-31 09:26:39.961,88.11
MRK,BID,2016-03-31 09:26:39.961,52.76
MRK,ASK,2016-03-31 09:26:39.961,53.56
PDCO,BID,2016-03-31 09:26:39.962,-1.0
TXN,BID,2016-03-31 09:26:40.210,57.61
NVDA,ASK,2016-03-31 09:26:40.211,35.99
EA,ASK,2016-03-31 09:26:40.211,66.94
DISCA,ASK,2016-03-31 09:26:40.211,29.12
DISCK,ASK,2016-03-31 09:26:40.211,27.78
XEL,BID,2016-03-31 09:26:40.461,41.22
XOM,ASK,2016-03-31 09:26:40.461,84.7
YUM,ASK,2016-03-31 09:26:40.461,82.77
ZTS,BID,2016-03-31 09:26:40.461,39.83
MHFI,BID,2016-03-31 09:26:40.781,97.99
DISCK,ASK,2016-03-31 09:26:40.781,27.72
FOX,BID,2016-03-31 09:26:40.961,27.64
MS,ASK,2016-03-31 09:26:41.212,25.16
SYMC,ASK,2016-03-31 09:26:41.212,18.78
NVDA,ASK,2016-03-31 09:26:41.212,36.42
FOX,BID,2016-03-31 09:26:41.462,27.65
SYMC,ASK,2016-03-31 09:26:41.962,18.8
TRV,BID,2016-03-31 09:26:41.963,113.86
CHRW,BID,2016-03-31 09:26:41.963,70.56
D,BID,2016-03-31 09:26:42.213,74.18
VRSN,BID,2016-03-31 09:26:42.213,87.12
BLL,ASK,2016-03-31 09:26:42.713,72.04
SYMC,ASK,2016-03-31 09:26:43.214,18.78
BLL,ASK,2016-03-31 09:26:43.465,71.76
CMCSA,BID,2016-03-31 09:26:43.965,59.94
TRV,BID,2016-03-31 09:26:43.965,113.76
NVDA,ASK,2016-03-31 09:26:44.215,35.99
BLL,ASK,2016-03-31 09:26:44.216,71.62
FOXA,BID,2016-03-31 09:26:44.466,27.42
TRV,BID,2016-03-31 09:26:44.466,113.08
MAR,ASK,2016-03-31 09:26:44.966,71.9
BBBY,ASK,2016-03-31 09:26:44.966,50.95
FOX,BID,2016-03-31 09:26:44.967,27.57
BLL,ASK,2016-03-31 09:26:44.967,71.95
BAC,BID,2016-03-31 09:26:45.217,13.45
ROST,BID,2016-03-31 09:26:45.217,56.07
MAR,BID,2016-03-31 09:26:45.467,70.78
MAR,ASK,2016-03-31 09:26:45.467,72.0
BBBY,ASK,2016-03-31 09:26:45.468,50.75
FOX,BID,2016-03-31 09:26:45.468,27.61
CHRW,BID,2016-03-31 09:26:45.968,70.58
BLL,ASK,2016-03-31 09:26:45.968,72.07
DISCA,ASK,2016-03-31 09:26:45.968,29.15
DISCK,ASK,2016-03-31 09:26:45.968,27.75
STX,BID,2016-03-31 09:26:45.969,33.7
DISCA,ASK,2016-03-31 09:26:46.468,29.1
DISCK,ASK,2016-03-31 09:26:46.468,27.7
FOX,BID,2016-03-31 09:26:46.469,27.57
FB,TRADE,2016-03-31 09:26:46.719,114.8
FB,ASK,2016-03-31 09:26:46.719,114.91
BAC,ASK,2016-03-31 09:26:46.969,13.46
FOX,BID,2016-03-31 09:26:47.219,27.66
MYL,ASK,2016-03-31 09:26:47.720,46.34
FOX,ASK,2016-03-31 09:26:48.721,28.59
FOXA,ASK,2016-03-31 09:26:48.722,28.44
MU,BID,2016-03-31 09:26:48.722,10.26
MU,TRADE,2016-03-31 09:26:48.971,10.3
NVDA,ASK,2016-03-31 09:26:48.972,36.42
FOXA,ASK,2016-03-31 09:26:49.222,28.25
FOX,ASK,2016-03-31 09:26:49.222,28.46
MU,ASK,2016-03-31 09:26:49.472,10.35
JPM,TRADE,2016-03-31 09:26:50.223,59.5
JPM,BID,2016-03-31 09:26:50.224,59.45
DISCA,BID,2016-03-31 09:26:50.224,27.25
VMC,ASK,2016-03-31 09:26:50.794,108.69
SYMC,BID,2016-03-31 09:26:51.224,18.1
MU,ASK,2016-03-31 09:26:51.225,10.36
MYL,ASK,2016-03-31 09:26:51.474,46.48
MU,ASK,2016-03-31 09:26:51.724,10.37
TXN,BID,2016-03-31 09:26:52.225,57.41
XRX,ASK,2016-03-31 09:26:52.726,11.06
INTU,ASK,2016-03-31 09:26:52.976,106.04
TXN,ASK,2016-03-31 09:26:53.226,58.84
OMC,ASK,2016-03-31 09:26:54.728,88.76
MU,ASK,2016-03-31 09:26:54.728,10.38
NVDA,ASK,2016-03-31 09:26:55.229,35.99
OMC,ASK,2016-03-31 09:26:55.229,89.03
NTRS,ASK,2016-03-31 09:26:55.479,70.61
NTRS,ASK,2016-03-31 09:26:55.980,70.6
TXN,BID,2016-03-31 09:26:55.980,57.44
AAPL,BID,2016-03-31 09:26:56.732,109.42
CNX,BID,2016-03-31 09:26:56.732,11.26
XRX,ASK,2016-03-31 09:26:57.231,11.03
WDC,BID,2016-03-31 09:26:57.232,45.32
BBBY,ASK,2016-03-31 09:26:57.732,50.74
MU,ASK,2016-03-31 09:26:57.982,10.39
FOX,BID,2016-03-31 09:26:58.232,27.63
URI,BID,2016-03-31 09:26:58.483,57.47
XOM,BID,2016-03-31 09:26:58.483,84.06
FOX,BID,2016-03-31 09:26:58.733,27.66
ATVI,BID,2016-03-31 09:26:59.234,33.52
EA,ASK,2016-03-31 09:26:59.234,66.96
ATVI,ASK,2016-03-31 09:26:59.734,34.5
EA,ASK,2016-03-31 09:26:59.735,66.94
USB,ASK,2016-03-31 09:26:59.735,41.18
BAC,TRADE,2016-03-31 09:27:00.236,13.45
JPM,TRADE,2016-03-31 09:27:00.236,59.45
GM,OPEN,2016-03-31 09:27:00.237,31.0
GM,TRADE,2016-03-31 09:27:00.237,31.0
BAC,BID,2016-03-31 09:27:00.238,13.44
JPM,BID,2016-03-31 09:27:00.238,59.4
AMP,BID,2016-03-31 09:27:00.238,94.26
FOX,BID,2016-03-31 09:27:00.485,27.76
FOXA,ASK,2016-03-31 09:27:00.486,28.28
PRGO,BID,2016-03-31 09:27:00.486,128.69
BAC,ASK,2016-03-31 09:27:00.807,13.45
KEY,BID,2016-03-31 09:27:00.807,11.02
CMA,BID,2016-03-31 09:27:00.807,37.19
BBT,TRADE,2016-03-31 09:27:00.986,33.75
FOX,ASK,2016-03-31 09:27:00.987,28.62
FOXA,ASK,2016-03-31 09:27:00.987,28.44
PRGO,BID,2016-03-31 09:27:00.987,128.7
BBT,BID,2016-03-31 09:27:00.988,33.29
CMA,BID,2016-03-31 09:27:01.236,37.48
FOX,ASK,2016-03-31 09:27:01.987,28.54
FOXA,ASK,2016-03-31 09:27:01.988,28.39
TXN,ASK,2016-03-31 09:27:02.238,58.9
AAPL,BID,2016-03-31 09:27:02.238,109.43
NVDA,ASK,2016-03-31 09:27:02.238,36.42
ADP,BID,2016-03-31 09:27:02.488,87.07
BBT,BID,2016-03-31 09:27:02.738,33.22
ADBE,BID,2016-03-31 09:27:02.739,92.68
BBT,BID,2016-03-31 09:27:03.239,33.29
BAC,ASK,2016-03-31 09:27:03.739,13.46
VIAB,ASK,2016-03-31 09:27:03.740,42.05
BBT,BID,2016-03-31 09:27:03.740,33.22
BBT,BID,2016-03-31 09:27:04.240,33.29
BBT,BID,2016-03-31 09:27:04.740,33.22
DIS,BID,2016-03-31 09:27:04.991,98.77
NEM,ASK,2016-03-31 09:27:04.991,27.14
UNH,BID,2016-03-31 09:27:04.992,129.33
KO,BID,2016-03-31 09:27:04.992,46.37
SBUX,BID,2016-03-31 09:27:04.992,59.93
GOOG,ASK,2016-03-31 09:27:04.992,751.22
ACN,BID,2016-03-31 09:27:04.993,114.54
ACN,ASK,2016-03-31 09:27:04.993,115.66
CAT,BID,2016-03-31 09:27:04.993,76.01
CAT,ASK,2016-03-31 09:27:04.993,76.72
ATVI,ASK,2016-03-31 09:27:04.994,34.28
CELG,BID,2016-03-31 09:27:04.994,98.67
CELG,ASK,2016-03-31 09:27:04.994,99.14
XOM,ASK,2016-03-31 09:27:04.994,84.53
DAL,ASK,2016-03-31 09:27:04.995,49.48
LLY,BID,2016-03-31 09:27:04.995,71.57
PYPL,ASK,2016-03-31 09:27:04.995,39.01
NKE,BID,2016-03-31 09:27:04.995,61.63
RIG,ASK,2016-03-31 09:27:04.996,8.89
SPLS,BID,2016-03-31 09:27:04.996,10.84
CMI,BID,2016-03-31 09:27:04.996,108.8
JNJ,BID,2016-03-31 09:27:04.997,108.46
JNJ,ASK,2016-03-31 09:27:04.997,109.21
AET,BID,2016-03-31 09:27:04.997,113.84
WFM,BID,2016-03-31 09:27:04.998,31.6
WBA,BID,2016-03-31 09:27:04.998,82.48
FTI,ASK,2016-03-31 09:27:04.998,27.07
AMGN,BID,2016-03-31 09:27:04.999,149.24
AMGN,ASK,2016-03-31 09:27:04.999,149.71
AMZN,ASK,2016-03-31 09:27:04.999,600.79
IBM,ASK,2016-03-31 09:27:04.999,149.3
CTSH,BID,2016-03-31 09:27:05.000,59.21
CTSH,ASK,2016-03-31 09:27:05.000,62.83
GIS,ASK,2016-03-31 09:27:05.000,63.59
BA,BID,2016-03-31 09:27:05.001,127.74
BA,ASK,2016-03-31 09:27:05.001,128.53
TXN,BID,2016-03-31 09:27:05.241,57.63
BBT,BID,2016-03-31 09:27:05.241,33.29
GOOG,ASK,2016-03-31 09:27:05.492,750.9
CTSH,ASK,2016-03-31 09:27:05.492,62.71
CRM,BID,2016-03-31 09:27:05.742,73.93
ALXN,ASK,2016-03-31 09:27:05.742,139.67
NKE,BID,2016-03-31 09:27:05.743,61.65
ACN,BID,2016-03-31 09:27:05.743,114.65
CXO,BID,2016-03-31 09:27:05.743,101.38
BA,BID,2016-03-31 09:27:05.744,127.79
MU,TRADE,2016-03-31 09:27:05.992,10.39
CTSH,BID,2016-03-31 09:27:05.993,59.23
T,ASK,2016-03-31 09:27:06.242,39.47
CRM,ASK,2016-03-31 09:27:06.243,74.48
HAL,ASK,2016-03-31 09:27:06.243,36.08
UAL,ASK,2016-03-31 09:27:06.243,60.01
C,ASK,2016-03-31 09:27:06.244,41.91
GIS,ASK,2016-03-31 09:27:06.244,63.58
CVX,ASK,2016-03-31 09:27:06.244,95.41
CXO,ASK,2016-03-31 09:27:06.245,103.24
HES,ASK,2016-03-31 09:27:06.492,50.91
ACN,ASK,2016-03-31 09:27:06.493,115.63
XOM,ASK,2016-03-31 09:27:06.493,84.5
BA,ASK,2016-03-31 09:27:06.494,128.49
BAC,ASK,2016-03-31 09:27:06.494,13.45
CCL,ASK,2016-03-31 09:27:06.494,52.33
GOOGL,ASK,2016-03-31 09:27:06.814,770.63
CHK,ASK,2016-03-31 09:27:06.814,4.01
T,ASK,2016-03-31 09:27:06.815,39.46
XOM,ASK,2016-03-31 09:27:06.993,84.73
RRC,ASK,2016-03-31 09:27:07.244,36.47
GOOGL,ASK,2016-03-31 09:27:07.244,770.02
SRE,BID,2016-03-31 09:27:07.494,102.16
XOM,ASK,2016-03-31 09:27:07.495,84.64
MNST,BID,2016-03-31 09:27:07.744,124.88
BAC,TRADE,2016-03-31 09:27:07.995,13.44
RIG,ASK,2016-03-31 09:27:07.995,8.9
HCN,ASK,2016-03-31 09:27:07.996,69.22
SRE,BID,2016-03-31 09:27:07.996,102.63
XOM,ASK,2016-03-31 09:27:07.997,84.61
MU,BID,2016-03-31 09:27:08.245,10.28
BAC,BID,2016-03-31 09:27:08.246,13.43
PPG,BID,2016-03-31 09:27:08.246,110.79
RIG,ASK,2016-03-31 09:27:08.496,8.96
R,ASK,2016-03-31 09:27:08.496,65.88
KSU,ASK,2016-03-31 09:27:08.496,87.2
CMA,BID,2016-03-31 09:27:08.496,37.26
CMA,ASK,2016-03-31 09:27:08.497,38.42
PPG,BID,2016-03-31 09:27:08.745,111.28
R,ASK,2016-03-31 09:27:08.996,65.14
KSU,ASK,2016-03-31 09:27:08.996,86.64
CMA,BID,2016-03-31 09:27:08.996,37.68
CMA,ASK,2016-03-31 09:27:08.997,38.28
ADP,BID,2016-03-31 09:27:09.997,86.74
ADBE,BID,2016-03-31 09:27:09.998,92.38
MAR,BID,2016-03-31 09:27:09.998,70.7
WDC,BID,2016-03-31 09:27:09.999,45.17
BAC,ASK,2016-03-31 09:27:10.247,13.44
ADP,BID,2016-03-31 09:27:10.498,87.09
SNDK,BID,2016-03-31 09:27:10.498,75.27
CMCSA,BID,2016-03-31 09:27:11.248,60.12
NEM,BID,2016-03-31 09:27:11.999,26.8
BAC,ASK,2016-03-31 09:27:12.000,13.45
CHRW,BID,2016-03-31 09:27:12.250,70.86
CMA,ASK,2016-03-31 09:27:12.250,38.15
NEM,BID,2016-03-31 09:27:12.500,26.82
BAC,BID,2016-03-31 09:27:12.500,13.44
CMI,BID,2016-03-31 09:27:12.750,108.61
R,ASK,2016-03-31 09:27:13.001,65.68
PPG,BID,2016-03-31 09:27:13.001,110.46
SRE,BID,2016-03-31 09:27:13.251,102.55
CMA,BID,2016-03-31 09:27:13.251,37.48
NEM,BID,2016-03-31 09:27:13.502,26.8
PPG,BID,2016-03-31 09:27:13.502,111.16
R,ASK,2016-03-31 09:27:13.752,65.34
MA,BID,2016-03-31 09:27:14.002,92.96
COF,BID,2016-03-31 09:27:14.002,68.25
COF,ASK,2016-03-31 09:27:14.002,69.64
DFS,BID,2016-03-31 09:27:14.003,49.58
DFS,ASK,2016-03-31 09:27:14.003,50.57
MAT,BID,2016-03-31 09:27:14.003,32.31
GM,ASK,2016-03-31 09:27:14.003,31.15
NEM,BID,2016-03-31 09:27:14.004,26.82
MA,BID,2016-03-31 09:27:14.503,93.11
DFS,BID,2016-03-31 09:27:14.503,49.74
DFS,ASK,2016-03-31 09:27:14.503,50.53
GM,ASK,2016-03-31 09:27:14.503,31.11
KSU,ASK,2016-03-31 09:27:14.504,87.2
COF,BID,2016-03-31 09:27:14.504,68.47
COF,ASK,2016-03-31 09:27:14.504,69.4
FB,BID,2016-03-31 09:27:15.003,114.8
KSU,ASK,2016-03-31 09:27:15.004,86.93
CMCSA,BID,2016-03-31 09:27:16.004,59.94
VIAB,ASK,2016-03-31 09:27:16.005,42.06
CTSH,ASK,2016-03-31 09:27:16.005,62.81
DISCA,ASK,2016-03-31 09:27:16.005,29.15
ATVI,BID,2016-03-31 09:27:16.006,33.44
ROST,BID,2016-03-31 09:27:16.006,56.17
ADSK,BID,2016-03-31 09:27:16.006,55.5
DISCK,ASK,2016-03-31 09:27:16.007,27.73
CHRW,BID,2016-03-31 09:27:16.255,70.58
FOX,BID,2016-03-31 09:27:16.255,27.65
EA,ASK,2016-03-31 09:27:16.256,66.96
SYMC,ASK,2016-03-31 09:27:16.256,18.8
BBT,BID,2016-03-31 09:27:16.256,33.22
CTSH,BID,2016-03-31 09:27:16.505,59.35
DISCA,ASK,2016-03-31 09:27:16.506,29.1
TXN,BID,2016-03-31 09:27:16.506,57.44
DISCK,ASK,2016-03-31 09:27:16.506,27.7
SYMC,BID,2016-03-31 09:27:16.757,18.02
SYMC,ASK,2016-03-31 09:27:16.757,18.78
DISCA,BID,2016-03-31 09:27:17.256,27.13
DISCK,ASK,2016-03-31 09:27:17.257,27.73
NVDA,ASK,2016-03-31 09:27:17.257,35.99
CTSH,ASK,2016-03-31 09:27:17.257,62.71
OMC,ASK,2016-03-31 09:27:17.507,89.7
FTI,ASK,2016-03-31 09:27:17.507,27.18
DISCA,BID,2016-03-31 09:27:17.757,27.27
DISCA,ASK,2016-03-31 09:27:17.757,29.15
DISCK,ASK,2016-03-31 09:27:17.757,27.75
DD,BID,2016-03-31 09:27:17.758,63.56
MU,ASK,2016-03-31 09:27:18.007,10.4
DISCA,ASK,2016-03-31 09:27:18.258,29.08
SYMC,ASK,2016-03-31 09:27:18.258,18.8
TXN,ASK,2016-03-31 09:27:18.258,58.82
DISCK,ASK,2016-03-31 09:27:18.259,27.68
DD,ASK,2016-03-31 09:27:18.259,64.7
ETR,BID,2016-03-31 09:27:18.758,78.51
ETR,ASK,2016-03-31 09:27:18.758,79.69
DD,BID,2016-03-31 09:27:18.759,63.69
DD,ASK,2016-03-31 09:27:18.759,64.57
AAPL,BID,2016-03-31 09:27:19.009,109.42
ATVI,BID,2016-03-31 09:27:19.259,33.54
FOX,ASK,2016-03-31 09:27:19.259,28.52
FOXA,ASK,2016-03-31 09:27:19.260,28.42
KSU,ASK,2016-03-31 09:27:19.509,87.2
HBAN,BID,2016-03-31 09:27:19.509,9.37
AAPL,BID,2016-03-31 09:27:19.510,109.46
BAC,TRADE,2016-03-31 09:27:19.760,13.45
BAC,ASK,2016-03-31 09:27:19.761,13.46
ATVI,BID,2016-03-31 09:27:19.761,33.44
CAT,ASK,2016-03-31 09:27:19.761,76.89
FOXA,ASK,2016-03-31 09:27:19.762,28.37
CMCSA,BID,2016-03-31 09:27:19.762,59.96
FOX,BID,2016-03-31 09:27:20.010,27.67
OMC,ASK,2016-03-31 09:27:20.010,89.35
KSU,ASK,2016-03-31 09:27:20.011,86.77
TXN,BID,2016-03-31 09:27:20.260,57.65
VIAB,ASK,2016-03-31 09:27:20.260,42.03
SYMC,BID,2016-03-31 09:27:20.261,18.12
FOXA,BID,2016-03-31 09:27:20.261,27.44
CHRW,BID,2016-03-31 09:27:20.261,70.6
CAT,ASK,2016-03-31 09:27:20.511,76.62
VIAB,ASK,2016-03-31 09:27:20.831,42.06
OMC,ASK,2016-03-31 09:27:20.831,89.5
TXN,BID,2016-03-31 09:27:21.011,57.44
BLL,BID,2016-03-31 09:27:21.011,70.52
WMT,BID,2016-03-31 09:27:21.261,68.38
BLL,BID,2016-03-31 09:27:21.512,70.19
JPM,ASK,2016-03-31 09:27:21.512,59.68
OMC,ASK,2016-03-31 09:27:21.513,89.7
NFLX,ASK,2016-03-31 09:27:21.513,102.62
BLL,BID,2016-03-31 09:27:22.012,69.86
TXN,BID,2016-03-31 09:27:22.263,57.65
DGX,ASK,2016-03-31 09:27:22.263,72.64
NEM,BID,2016-03-31 09:27:22.513,26.8
BLL,BID,2016-03-31 09:27:22.764,69.73
BBT,TRADE,2016-03-31 09:27:23.014,33.68
TSN,BID,2016-03-31 09:27:23.015,66.79
NEM,BID,2016-03-31 09:27:23.015,26.82
BLL,BID,2016-03-31 09:27:23.264,69.53
ATVI,BID,2016-03-31 09:27:23.264,33.54
OMC,ASK,2016-03-31 09:27:23.265,88.01
BBT,TRADE,2016-03-31 09:27:23.514,33.74
TSN,BID,2016-03-31 09:27:23.515,67.1
BLL,BID,2016-03-31 09:27:23.765,69.2
ATVI,BID,2016-03-31 09:27:23.765,33.44
HRS,BID,2016-03-31 09:27:23.765,78.1
SE,ASK,2016-03-31 09:27:23.766,30.91
STJ,BID,2016-03-31 09:27:24.015,54.55
BAC,ASK,2016-03-31 09:27:24.015,13.45
ETN,BID,2016-03-31 09:27:24.016,62.22
F,ASK,2016-03-31 09:27:24.016,13.31
AMZN,BID,2016-03-31 09:27:24.016,598.35
OMC,ASK,2016-03-31 09:27:24.016,87.88
D,BID,2016-03-31 09:27:24.266,74.13
TXN,ASK,2016-03-31 09:27:24.266,58.9
BLL,BID,2016-03-31 09:27:24.266,69.18
HRS,BID,2016-03-31 09:27:24.267,77.76
PGR,BID,2016-03-31 09:27:24.516,34.73
STJ,ASK,2016-03-31 09:27:24.516,55.55
SE,ASK,2016-03-31 09:27:24.516,30.73
AMZN,BID,2016-03-31 09:27:24.517,599.17
DRI,BID,2016-03-31 09:27:24.517,65.79
F,BID,2016-03-31 09:27:24.517,13.26
TWX,BID,2016-03-31 09:27:24.766,71.43
BLL,BID,2016-03-31 09:27:24.766,68.87
RCL,ASK,2016-03-31 09:27:24.767,81.84
HRS,BID,2016-03-31 09:27:24.767,78.24
BA,ASK,2016-03-31 09:27:24.767,128.53
TSS,BID,2016-03-31 09:27:24.767,42.73
PGR,BID,2016-03-31 09:27:25.016,34.63
STJ,BID,2016-03-31 09:27:25.017,54.65
STJ,ASK,2016-03-31 09:27:25.017,55.46
DRI,BID,2016-03-31 09:27:25.017,66.26
BLL,BID,2016-03-31 09:27:25.267,68.54
RCL,ASK,2016-03-31 09:27:25.267,81.44
BA,ASK,2016-03-31 09:27:25.267,128.96
PGR,BID,2016-03-31 09:27:25.517,34.8
GE,BID,2016-03-31 09:27:25.517,31.83
STX,BID,2016-03-31 09:27:25.518,33.81
MLM,BID,2016-03-31 09:27:25.767,153.82
BA,ASK,2016-03-31 09:27:25.768,128.62
TSS,BID,2016-03-31 09:27:25.768,42.55
BLL,BID,2016-03-31 09:27:25.768,68.52
CVC,ASK,2016-03-31 09:27:26.268,33.16
BLL,BID,2016-03-31 09:27:26.268,68.21
EL,ASK,2016-03-31 09:27:26.518,95.33
STZ,ASK,2016-03-31 09:27:26.519,153.3
BAC,ASK,2016-03-31 09:27:26.519,13.46
APH,BID,2016-03-31 09:27:26.768,57.34
BLL,BID,2016-03-31 09:27:26.769,67.88
ADBE,BID,2016-03-31 09:27:27.019,92.72
STZ,ASK,2016-03-31 09:27:27.020,152.62
ATVI,BID,2016-03-31 09:27:27.269,33.54
WDC,BID,2016-03-31 09:27:27.270,45.36
EL,ASK,2016-03-31 09:27:27.270,94.92
ADP,BID,2016-03-31 09:27:27.270,86.74
PCG,ASK,2016-03-31 09:27:27.271,60.0
CPB,ASK,2016-03-31 09:27:27.271,64.52
LEG,ASK,2016-03-31 09:27:27.271,48.2
BWA,ASK,2016-03-31 09:27:27.272,38.38
BLL,BID,2016-03-31 09:27:27.520,67.86
CBS,BID,2016-03-31 09:27:27.520,54.08
LUK,ASK,2016-03-31 09:27:27.520,16.12
CF,BID,2016-03-31 09:27:27.521,31.32
NTRS,ASK,2016-03-31 09:27:27.521,70.59
STZ,ASK,2016-03-31 09:27:27.522,152.59
ATVI,BID,2016-03-31 09:27:27.770,33.44
PCG,ASK,2016-03-31 09:27:27.770,59.79
LEG,ASK,2016-03-31 09:27:27.771,48.43
CPB,ASK,2016-03-31 09:27:28.020,64.5
NEM,BID,2016-03-31 09:27:28.021,26.8
BWA,ASK,2016-03-31 09:27:28.021,38.11
BLL,BID,2016-03-31 09:27:28.021,67.55
CBS,BID,2016-03-31 09:27:28.022,54.31
CBS,ASK,2016-03-31 09:27:28.022,54.75
LUK,ASK,2016-03-31 09:27:28.022,15.96
ADS,ASK,2016-03-31 09:27:28.022,255.0
CF,BID,2016-03-31 09:27:28.023,31.58
NTRS,ASK,2016-03-31 09:27:28.023,70.58
ECL,ASK,2016-03-31 09:27:28.023,113.46
FISV,ASK,2016-03-31 09:27:28.271,102.99
EW,ASK,2016-03-31 09:27:28.271,89.8
APD,ASK,2016-03-31 09:27:28.271,146.49
LEG,ASK,2016-03-31 09:27:28.272,48.32
NEM,BID,2016-03-31 09:27:28.521,26.82
DOV,BID,2016-03-31 09:27:28.522,63.78
BLL,BID,2016-03-31 09:27:28.522,67.4
ADS,ASK,2016-03-31 09:27:28.522,216.52
PNR,ASK,2016-03-31 09:27:28.522,54.34
ECL,ASK,2016-03-31 09:27:28.523,113.14
DVA,BID,2016-03-31 09:27:28.771,72.22
EW,ASK,2016-03-31 09:27:28.771,89.34
APD,ASK,2016-03-31 09:27:28.772,145.83
MU,ASK,2016-03-31 09:27:28.772,10.39
IFF,BID,2016-03-31 09:27:29.021,113.18
HOG,BID,2016-03-31 09:27:29.022,48.88
BAC,ASK,2016-03-31 09:27:29.022,13.45
DOV,BID,2016-03-31 09:27:29.023,63.88
MAT,BID,2016-03-31 09:27:29.023,32.18
RTN,ASK,2016-03-31 09:27:29.023,124.26
FCX,BID,2016-03-31 09:27:29.272,10.12
DVA,BID,2016-03-31 09:27:29.272,72.58
IFF,BID,2016-03-31 09:27:29.522,113.87
IFF,ASK,2016-03-31 09:27:29.522,115.81
HOG,BID,2016-03-31 09:27:29.523,49.22
R,BID,2016-03-31 09:27:29.523,64.05
PKI,ASK,2016-03-31 09:27:29.773,49.76
PNR,BID,2016-03-31 09:27:29.773,53.35
GE,ASK,2016-03-31 09:27:29.773,31.9
FCX,TRADE,2016-03-31 09:27:30.023,10.12
IFF,ASK,2016-03-31 09:27:30.024,115.16
CBG,ASK,2016-03-31 09:27:30.025,28.83
FCX,BID,2016-03-31 09:27:30.025,10.11
F,TRADE,2016-03-31 09:27:30.273,13.31
BAC,BID,2016-03-31 09:27:30.274,13.43
PKI,BID,2016-03-31 09:27:30.275,48.9
PKI,ASK,2016-03-31 09:27:30.275,49.65
PNR,BID,2016-03-31 09:27:30.275,53.56
WAT,BID,2016-03-31 09:27:30.275,131.18
R,ASK,2016-03-31 09:27:30.524,65.28
WRK,ASK,2016-03-31 09:27:30.844,38.56
ADP,BID,2016-03-31 09:27:30.845,86.77
PKI,BID,2016-03-31 09:27:30.845,48.68
NSC,ASK,2016-03-31 09:27:30.845,85.26
PH,BID,2016-03-31 09:27:30.846,109.49
CTSH,ASK,2016-03-31 09:27:30.846,62.81
DISCA,ASK,2016-03-31 09:27:30.846,29.15
ADSK,BID,2016-03-31 09:27:30.847,55.62
DISCK,ASK,2016-03-31 09:27:30.847,27.71
TDC,BID,2016-03-31 09:27:31.024,25.71
FOX,ASK,2016-03-31 09:27:31.024,28.54
CHRW,BID,2016-03-31 09:27:31.025,70.9
FOXA,ASK,2016-03-31 09:27:31.025,28.4
GRMN,BID,2016-03-31 09:27:31.025,39.45
SNA,ASK,2016-03-31 09:27:31.026,160.26
WYN,ASK,2016-03-31 09:27:31.274,77.39
EA,ASK,2016-03-31 09:27:31.275,66.9
ATVI,BID,2016-03-31 09:27:31.275,33.54
PKI,BID,2016-03-31 09:27:31.275,48.97
CTSH,BID,2016-03-31 09:27:31.276,59.23
DISCA,BID,2016-03-31 09:27:31.276,27.13
DISCK,ASK,2016-03-31 09:27:31.277,27.75
TDC,BID,2016-03-31 09:27:31.525,25.96
PH,BID,2016-03-31 09:27:31.526,110.16
FOX,BID,2016-03-31 09:27:31.526,27.7
FOXA,ASK,2016-03-31 09:27:31.526,28.39
SNA,ASK,2016-03-31 09:27:31.527,159.17
ATVI,BID,2016-03-31 09:27:31.775,33.44
AVB,ASK,2016-03-31 09:27:31.776,190.34
WYN,ASK,2016-03-31 09:27:31.776,76.81
ZBH,ASK,2016-03-31 09:27:31.776,107.95
WHR,BID,2016-03-31 09:27:32.026,176.32
LB,ASK,2016-03-31 09:27:32.026,89.19
LEG,BID,2016-03-31 09:27:32.026,47.6
AES,BID,2016-03-31 09:27:32.276,11.54
A,ASK,2016-03-31 09:27:32.276,40.66
NVDA,ASK,2016-03-31 09:27:32.276,36.42
DG,ASK,2016-03-31 09:27:32.277,86.58
SYMC,ASK,2016-03-31 09:27:32.277,18.76
DISCA,ASK,2016-03-31 09:27:32.277,29.08
TXN,BID,2016-03-31 09:27:32.277,57.46
DISCK,ASK,2016-03-31 09:27:32.278,27.78
AVB,ASK,2016-03-31 09:27:32.278,189.51
CTSH,BID,2016-03-31 09:27:32.278,59.21
ZBH,ASK,2016-03-31 09:27:32.279,107.49
WHR,ASK,2016-03-31 09:27:32.526,177.85
LB,ASK,2016-03-31 09:27:32.526,88.8
NWL,BID,2016-03-31 09:27:32.527,43.85
APD,BID,2016-03-31 09:27:32.527,144.0
APD,ASK,2016-03-31 09:27:32.527,146.34
MCO,ASK,2016-03-31 09:27:32.528,96.25
DHR,ASK,2016-03-31 09:27:32.528,95.55
LM,BID,2016-03-31 09:27:32.776,33.5
F,ASK,2016-03-31 09:27:32.777,13.33
DHI,ASK,2016-03-31 09:27:32.778,30.5
DISCK,ASK,2016-03-31 09:27:32.778,27.68
VMC,BID,2016-03-31 09:27:32.778,104.69
JEC,BID,2016-03-31 09:27:32.778,43.23
AMG,ASK,2016-03-31 09:27:32.779,165.38
WHR,ASK,2016-03-31 09:27:33.027,177.95
FRT,ASK,2016-03-31 09:27:33.027,156.96
A,ASK,2016-03-31 09:27:33.027,40.86
L,ASK,2016-03-31 09:27:33.028,39.05
APD,BID,2016-03-31 09:27:33.028,143.49
APD,ASK,2016-03-31 09:27:33.028,145.71
HCN,ASK,2016-03-31 09:27:33.029,69.16
CTSH,BID,2016-03-31 09:27:33.029,59.27
F,ASK,2016-03-31 09:27:33.278,13.35
LM,BID,2016-03-31 09:27:33.278,34.0
DHI,ASK,2016-03-31 09:27:33.278,30.34
AIV,ASK,2016-03-31 09:27:33.279,42.11
AMG,ASK,2016-03-31 09:27:33.279,163.86
JEC,BID,2016-03-31 09:27:33.527,43.34
FRT,ASK,2016-03-31 09:27:33.528,157.66
L,ASK,2016-03-31 09:27:33.528,38.8
APD,BID,2016-03-31 09:27:33.528,144.29
GWW,ASK,2016-03-31 09:27:33.529,-1.0
DHR,BID,2016-03-31 09:27:33.529,94.36
DHR,ASK,2016-03-31 09:27:33.529,95.63
PNW,ASK,2016-03-31 09:27:33.778,75.11
UDR,ASK,2016-03-31 09:27:33.778,38.72
MAT,BID,2016-03-31 09:27:33.778,32.2
LEG,ASK,2016-03-31 09:27:33.779,48.26
UHS,ASK,2016-03-31 09:27:33.779,126.22
A,ASK,2016-03-31 09:27:33.779,41.0
AIV,ASK,2016-03-31 09:27:33.780,41.84
ECL,ASK,2016-03-31 09:27:33.780,113.5
FRT,ASK,2016-03-31 09:27:34.028,156.71
IFF,ASK,2016-03-31 09:27:34.029,115.73
GWW,ASK,2016-03-31 09:27:34.029,234.71
UDR,ASK,2016-03-31 09:27:34.278,38.49
SYMC,BID,2016-03-31 09:27:34.279,18.02
ECL,ASK,2016-03-31 09:27:34.280,113.09
WY,ASK,2016-03-31 09:27:34.280,31.04
HRB,BID,2016-03-31 09:27:34.280,26.28
FOX,BID,2016-03-31 09:27:34.280,27.67
AMG,BID,2016-03-31 09:27:34.529,160.85
IFF,ASK,2016-03-31 09:27:34.529,115.68
HBAN,BID,2016-03-31 09:27:34.530,9.39
KSU,BID,2016-03-31 09:27:34.779,85.27
CF,BID,2016-03-31 09:27:34.780,31.32
CMCSA,BID,2016-03-31 09:27:34.780,59.98
AMG,BID,2016-03-31 09:27:35.029,161.97
AON,BID,2016-03-31 09:27:35.030,102.66
AON,ASK,2016-03-31 09:27:35.030,105.03
IFF,ASK,2016-03-31 09:27:35.031,115.39
DISCA,ASK,2016-03-31 09:27:35.031,29.15
DISCK,ASK,2016-03-31 09:27:35.031,27.71
MAT,BID,2016-03-31 09:27:35.280,32.33
ATVI,BID,2016-03-31 09:27:35.280,33.54
CF,BID,2016-03-31 09:27:35.281,31.65
GRMN,BID,2016-03-31 09:27:35.281,39.27
AON,BID,2016-03-31 09:27:35.530,103.04
AON,ASK,2016-03-31 09:27:35.530,104.55
DISCA,ASK,2016-03-31 09:27:35.531,29.06
DISCK,ASK,2016-03-31 09:27:35.531,27.66
TXN,BID,2016-03-31 09:27:36.031,57.48
ATVI,BID,2016-03-31 09:27:36.281,33.44
SYMC,ASK,2016-03-31 09:27:36.282,18.8
CMA,BID,2016-03-31 09:27:36.531,37.56
MLM,ASK,2016-03-31 09:27:36.532,155.94
COST,BID,2016-03-31 09:27:36.782,157.0
GM,BID,2016-03-31 09:27:36.782,31.02
FLR,BID,2016-03-31 09:27:37.032,53.49
TXN,ASK,2016-03-31 09:27:37.282,58.8
FLR,BID,2016-03-31 09:27:37.533,53.63
ROST,BID,2016-03-31 09:27:37.533,56.07
SWK,BID,2016-03-31 09:27:37.534,104.44
WYN,BID,2016-03-31 09:27:37.783,75.23
FOX,BID,2016-03-31 09:27:37.783,27.7
LRCX,ASK,2016-03-31 09:27:38.034,83.99
SYMC,BID,2016-03-31 09:27:38.284,18.14
WYN,BID,2016-03-31 09:27:38.284,75.69
WYN,ASK,2016-03-31 09:27:38.284,76.89
STZ,BID,2016-03-31 09:27:38.284,150.72
TWX,BID,2016-03-31 09:27:38.285,71.37
FDX,BID,2016-03-31 09:27:38.534,160.3
BHI,BID,2016-03-31 09:27:38.534,42.69
TWX,BID,2016-03-31 09:27:38.785,71.55
ECL,BID,2016-03-31 09:27:39.034,111.86
BHI,BID,2016-03-31 09:27:39.035,42.95
BBT,BID,2016-03-31 09:27:40.286,33.29
ATVI,BID,2016-03-31 09:27:40.287,33.54
IBM,ASK,2016-03-31 09:27:40.536,149.94
IBM,ASK,2016-03-31 09:27:41.037,149.7
FOXA,BID,2016-03-31 09:27:41.538,27.46
XEC,BID,2016-03-31 09:27:41.538,94.55
FTI,BID,2016-03-31 09:27:41.539,26.9
CHK,ASK,2016-03-31 09:27:42.038,4.02
XEC,BID,2016-03-31 09:27:42.039,95.31
NFX,BID,2016-03-31 09:27:42.039,32.17
CMI,BID,2016-03-31 09:27:42.539,108.64
SIG,BID,2016-03-31 09:27:42.539,118.8
GM,TRADE,2016-03-31 09:27:43.040,31.02
PRGO,ASK,2016-03-31 09:27:43.041,129.85
LRCX,ASK,2016-03-31 09:27:43.041,83.98
DISCA,BID,2016-03-31 09:27:43.290,27.29
ATVI,BID,2016-03-31 09:27:43.290,33.44
ADP,BID,2016-03-31 09:27:43.540,87.13
ADBE,BID,2016-03-31 09:27:43.541,92.41
WDC,BID,2016-03-31 09:27:43.541,45.18
PRGO,ASK,2016-03-31 09:27:43.541,129.84
SNDK,BID,2016-03-31 09:27:44.041,75.28
MAT,BID,2016-03-31 09:27:45.042,32.2
COP,BID,2016-03-31 09:27:45.042,39.63
GGP,ASK,2016-03-31 09:27:45.292,29.67
TXN,BID,2016-03-31 09:27:45.293,57.67
HP,BID,2016-03-31 09:27:45.293,57.59
BXP,ASK,2016-03-31 09:27:45.294,127.19
CVX,BID,2016-03-31 09:27:45.543,94.57
APA,BID,2016-03-31 09:27:45.544,48.11
HCN,ASK,2016-03-31 09:27:45.793,69.08
OXY,ASK,2016-03-31 09:27:45.793,68.69
STT,BID,2016-03-31 09:27:45.794,57.93
STT,ASK,2016-03-31 09:27:45.794,58.74
COP,BID,2016-03-31 09:27:45.795,39.69
EOG,BID,2016-03-31 09:27:45.795,73.03
GGP,ASK,2016-03-31 09:27:45.795,29.62
APC,BID,2016-03-31 09:27:45.796,45.67
HP,BID,2016-03-31 09:27:45.796,57.82
NBL,BID,2016-03-31 09:27:45.796,30.46
CVX,BID,2016-03-31 09:27:46.043,94.55
ESV,BID,2016-03-31 09:27:46.294,9.84
NKE,ASK,2016-03-31 09:27:46.295,62.11
ESS,ASK,2016-03-31 09:27:46.295,-1.0
APC,BID,2016-03-31 09:27:46.296,45.39
PXD,ASK,2016-03-31 09:27:46.296,141.63
MO,BID,2016-03-31 09:27:46.296,62.37
EOG,BID,2016-03-31 09:27:46.296,73.05
CVX,BID,2016-03-31 09:27:46.544,94.68
AMP,BID,2016-03-31 09:27:46.545,94.1
COP,BID,2016-03-31 09:27:46.794,39.71
XEC,BID,2016-03-31 09:27:46.795,94.56
ESV,BID,2016-03-31 09:27:46.795,10.0
SE,BID,2016-03-31 09:27:46.795,30.34
ESS,ASK,2016-03-31 09:27:46.796,233.81
NFX,BID,2016-03-31 09:27:46.796,32.22
APC,BID,2016-03-31 09:27:46.796,45.76
PXD,ASK,2016-03-31 09:27:46.797,140.7
EQT,BID,2016-03-31 09:27:47.045,65.0
FOX,BID,2016-03-31 09:27:47.045,27.67
LRCX,ASK,2016-03-31 09:27:47.046,83.97
AMP,BID,2016-03-31 09:27:47.046,94.33
XEC,BID,2016-03-31 09:27:47.295,95.44
CHRW,BID,2016-03-31 09:27:47.296,70.62
CTSH,BID,2016-03-31 09:27:47.296,59.39
EA,ASK,2016-03-31 09:27:47.296,66.96
EQT,BID,2016-03-31 09:27:47.545,65.66
ADBE,BID,2016-03-31 09:27:47.796,92.44
ADI,ASK,2016-03-31 09:27:47.796,60.9
FLR,BID,2016-03-31 09:27:47.796,53.72
LLTC,ASK,2016-03-31 09:27:48.046,45.62
HAL,BID,2016-03-31 09:27:48.046,35.79
TXN,ASK,2016-03-31 09:27:48.296,58.9
EA,ASK,2016-03-31 09:27:48.297,66.88
BAC,BID,2016-03-31 09:27:48.297,13.44
QRVO,ASK,2016-03-31 09:27:48.797,52.84
FOX,ASK,2016-03-31 09:27:48.797,28.52
FOXA,ASK,2016-03-31 09:27:48.798,28.42
DISCA,BID,2016-03-31 09:27:48.798,27.13
ETFC,BID,2016-03-31 09:27:48.798,22.01
FFIV,ASK,2016-03-31 09:27:48.798,106.13
URBN,BID,2016-03-31 09:27:48.799,30.9
TROW,ASK,2016-03-31 09:27:48.799,74.25
GRMN,BID,2016-03-31 09:27:48.799,39.45
AAP,ASK,2016-03-31 09:27:49.047,164.46
AIG,BID,2016-03-31 09:27:49.048,54.32
CTSH,ASK,2016-03-31 09:27:49.048,64.41
TIF,BID,2016-03-31 09:27:49.048,72.15
DISCK,ASK,2016-03-31 09:27:49.048,27.69
TMO,BID,2016-03-31 09:27:49.049,140.1
SYMC,ASK,2016-03-31 09:27:49.298,18.74
FOX,ASK,2016-03-31 09:27:49.298,28.54
OXY,ASK,2016-03-31 09:27:49.298,68.75
FOXA,ASK,2016-03-31 09:27:49.299,28.37
DISCA,ASK,2016-03-31 09:27:49.299,29.15
LLTC,ASK,2016-03-31 09:27:49.299,44.93
URBN,ASK,2016-03-31 09:27:49.299,33.49
ES,ASK,2016-03-31 09:27:49.300,58.59
TROW,BID,2016-03-31 09:27:49.300,71.23
TROW,ASK,2016-03-31 09:27:49.300,75.29
AAPL,ASK,2016-03-31 09:27:49.301,109.56
DISCK,ASK,2016-03-31 09:27:49.549,27.75
FOX,BID,2016-03-31 09:27:49.798,27.72
FOXA,ASK,2016-03-31 09:27:49.799,28.39
LLTC,ASK,2016-03-31 09:27:49.799,45.62
AAPL,ASK,2016-03-31 09:27:49.800,109.48
NSC,BID,2016-03-31 09:27:49.800,84.33
CTSH,ASK,2016-03-31 09:27:49.800,63.1
CVX,BID,2016-03-31 09:27:49.801,94.7
ADS,ASK,2016-03-31 09:27:49.801,216.6
FDX,ASK,2016-03-31 09:27:50.049,162.23
AMG,BID,2016-03-31 09:27:50.049,162.02
SIG,BID,2016-03-31 09:27:50.049,118.81
MLM,BID,2016-03-31 09:27:50.050,153.87
LRCX,ASK,2016-03-31 09:27:50.050,83.96
MAT,BID,2016-03-31 09:27:50.299,32.35
ATVI,BID,2016-03-31 09:27:50.300,33.54
DISCA,ASK,2016-03-31 09:27:50.300,29.06
DISCK,ASK,2016-03-31 09:27:50.301,27.8
INTU,ASK,2016-03-31 09:27:50.301,106.03
CTSH,ASK,2016-03-31 09:27:50.302,62.99
COG,BID,2016-03-31 09:27:50.302,22.24
DO,ASK,2016-03-31 09:27:50.550,21.42
GPS,BID,2016-03-31 09:27:50.550,29.5
ADS,ASK,2016-03-31 09:27:50.550,216.59
HBAN,BID,2016-03-31 09:27:50.550,9.41
PNR,BID,2016-03-31 09:27:50.551,53.27
RTN,BID,2016-03-31 09:27:50.551,123.19
MON,BID,2016-03-31 09:27:50.552,89.96
VNO,ASK,2016-03-31 09:27:50.870,94.24
DISCK,ASK,2016-03-31 09:27:50.871,27.66
SWK,BID,2016-03-31 09:27:50.871,104.05
ESS,ASK,2016-03-31 09:27:50.872,-1.0
BXP,ASK,2016-03-31 09:27:50.872,127.69
CMCSA,BID,2016-03-31 09:27:50.872,60.0
HCN,ASK,2016-03-31 09:27:50.872,69.01
COG,BID,2016-03-31 09:27:50.873,22.46
DTE,BID,2016-03-31 09:27:51.050,88.69
CCL,ASK,2016-03-31 09:27:51.050,52.63
FOXA,BID,2016-03-31 09:27:51.051,27.48
IFF,BID,2016-03-31 09:27:51.051,113.35
LLTC,ASK,2016-03-31 09:27:51.300,44.93
SYMC,BID,2016-03-31 09:27:51.301,18.04
TXN,BID,2016-03-31 09:27:51.301,57.48
MON,BID,2016-03-31 09:27:51.301,90.08
PNR,BID,2016-03-31 09:27:51.301,53.67
PNR,ASK,2016-03-31 09:27:51.302,54.63
GGP,ASK,2016-03-31 09:27:51.302,29.74
SWK,BID,2016-03-31 09:27:51.302,104.54
CHRW,BID,2016-03-31 09:27:51.303,70.64
ESS,ASK,2016-03-31 09:27:51.303,233.57
BXP,ASK,2016-03-31 09:27:51.303,127.06
NWL,BID,2016-03-31 09:27:51.550,43.92
VMC,BID,2016-03-31 09:27:51.551,104.71
ANTM,BID,2016-03-31 09:27:51.551,139.14
MNST,ASK,2016-03-31 09:27:51.551,136.58
IFF,BID,2016-03-31 09:27:51.551,113.92
CCL,ASK,2016-03-31 09:27:51.801,52.38
PNR,ASK,2016-03-31 09:27:51.802,54.7
GGP,ASK,2016-03-31 09:27:51.802,29.59
DISCA,BID,2016-03-31 09:27:52.302,27.31
PNR,ASK,2016-03-31 09:27:52.302,54.41
WHR,BID,2016-03-31 09:27:52.802,175.5
FDX,BID,2016-03-31 09:27:53.053,160.32
SYMC,BID,2016-03-31 09:27:53.053,18.16
ALLE,BID,2016-03-31 09:27:53.303,63.35
WHR,BID,2016-03-31 09:27:53.303,176.37
ALLE,ASK,2016-03-31 09:27:53.803,64.14
SYMC,BID,2016-03-31 09:27:54.054,18.04
LRCX,ASK,2016-03-31 09:27:54.054,83.95
ATVI,ASK,2016-03-31 09:27:54.054,34.19
DISCA,ASK,2016-03-31 09:27:54.304,29.15
DISCK,ASK,2016-03-31 09:27:54.304,27.69
ATVI,ASK,2016-03-31 09:27:54.555,34.28
DISCK,ASK,2016-03-31 09:27:54.805,27.78
AMT,ASK,2016-03-31 09:27:55.055,103.16
TXN,BID,2016-03-31 09:27:55.056,57.5
AVB,ASK,2016-03-31 09:27:55.056,189.41
EFX,BID,2016-03-31 09:27:55.056,111.09
EFX,ASK,2016-03-31 09:27:55.056,116.56
XLNX,ASK,2016-03-31 09:27:55.057,48.78
URI,BID,2016-03-31 09:27:55.057,57.44
EIX,BID,2016-03-31 09:27:55.057,-1.0
EIX,ASK,2016-03-31 09:27:55.057,74.0
COL,BID,2016-03-31 09:27:55.058,86.81
CHRW,ASK,2016-03-31 09:27:55.058,80.0
VRSN,ASK,2016-03-31 09:27:55.059,93.33
LH,BID,2016-03-31 09:27:55.059,108.01
MAC,BID,2016-03-31 09:27:55.060,-1.0
MAC,ASK,2016-03-31 09:27:55.060,-1.0
SPLS,ASK,2016-03-31 09:27:55.060,11.5
BLL,BID,2016-03-31 09:27:55.061,67.05
AIZ,BID,2016-03-31 09:27:55.061,70.88
ADI,ASK,2016-03-31 09:27:55.062,63.5
TMK,BID,2016-03-31 09:27:55.063,43.45
TMK,ASK,2016-03-31 09:27:55.063,63.63
WDC,BID,2016-03-31 09:27:55.064,44.92
VRTX,BID,2016-03-31 09:27:55.065,75.0
HBI,BID,2016-03-31 09:27:55.066,27.77
VRSK,BID,2016-03-31 09:27:55.067,74.35
VRSK,ASK,2016-03-31 09:27:55.067,82.0
EBAY,ASK,2016-03-31 09:27:55.068,24.5
FSLR,ASK,2016-03-31 09:27:55.068,71.0
GPC,BID,2016-03-31 09:27:55.069,87.66
GPC,ASK,2016-03-31 09:27:55.069,111.69
FIS,BID,2016-03-31 09:27:55.069,59.63
CSX,BID,2016-03-31 09:27:55.069,25.69
ADSK,ASK,2016-03-31 09:27:55.070,59.71
CINF,ASK,2016-03-31 09:27:55.077,-1.0
CME,ASK,2016-03-31 09:27:55.077,100.1
SYMC,ASK,2016-03-31 09:27:55.078,18.8
SNI,BID,2016-03-31 09:27:55.078,58.65
EA,ASK,2016-03-31 09:27:55.305,66.96
PAYX,BID,2016-03-31 09:27:55.306,52.2
PAYX,ASK,2016-03-31 09:27:55.306,58.0
BLK,ASK,2016-03-31 09:27:55.306,342.37
BXP,ASK,2016-03-31 09:27:55.307,127.67
ITW,BID,2016-03-31 09:27:55.307,101.55
MCO,ASK,2016-03-31 09:27:55.307,96.2
WYN,ASK,2016-03-31 09:27:55.308,77.3
SWK,BID,2016-03-31 09:27:55.556,104.11
TXT,BID,2016-03-31 09:27:55.556,36.01
AMT,ASK,2016-03-31 09:27:55.556,102.69
HES,ASK,2016-03-31 09:27:55.556,51.1
EFX,BID,2016-03-31 09:27:55.557,110.58
EFX,ASK,2016-03-31 09:27:55.557,117.07
SNDK,ASK,2016-03-31 09:27:55.557,77.5
TSS,BID,2016-03-31 09:27:55.557,42.32
ROK,BID,2016-03-31 09:27:55.557,94.65
TRIP,ASK,2016-03-31 09:27:55.558,70.0
VMC,ASK,2016-03-31 09:27:55.558,109.16
WYNN,ASK,2016-03-31 09:27:55.558,95.99
TROW,BID,2016-03-31 09:27:55.558,70.95
TROW,ASK,2016-03-31 09:27:55.558,79.2
RRC,ASK,2016-03-31 09:27:55.558,36.91
SLG,BID,2016-03-31 09:27:55.558,67.1
SLG,ASK,2016-03-31 09:27:55.559,124.62
INTU,BID,2016-03-31 09:27:55.559,100.32
INTU,ASK,2016-03-31 09:27:55.559,126.0
ALXN,ASK,2016-03-31 09:27:55.559,140.0
BBBY,ASK,2016-03-31 09:27:55.559,50.95
AEP,BID,2016-03-31 09:27:55.559,63.9
CMCSA,ASK,2016-03-31 09:27:55.560,62.0
CTXS,ASK,2016-03-31 09:27:55.560,80.5
ESRX,ASK,2016-03-31 09:27:55.560,72.0
QRVO,ASK,2016-03-31 09:27:55.560,52.9
PCAR,ASK,2016-03-31 09:27:55.560,59.01
MTB,BID,2016-03-31 09:27:55.561,102.35
NVDA,ASK,2016-03-31 09:27:55.561,36.67
MKC,ASK,2016-03-31 09:27:55.561,106.29
MSI,BID,2016-03-31 09:27:55.561,68.52
LRCX,ASK,2016-03-31 09:27:55.561,84.0
MMC,ASK,2016-03-31 09:27:55.561,66.09
MNST,BID,2016-03-31 09:27:55.562,122.76
NDAQ,ASK,2016-03-31 09:27:55.562,66.92
NTRS,ASK,2016-03-31 09:27:55.562,-1.0
HAS,BID,2016-03-31 09:27:55.562,74.56
HAS,ASK,2016-03-31 09:27:55.562,82.56
COL,BID,2016-03-31 09:27:55.563,86.37
BLL,BID,2016-03-31 09:27:55.563,66.72
AIZ,BID,2016-03-31 09:27:55.563,70.52
IVZ,ASK,2016-03-31 09:27:55.563,33.0
ESS,ASK,2016-03-31 09:27:55.806,-1.0
FIS,BID,2016-03-31 09:27:55.806,59.4
BXP,ASK,2016-03-31 09:27:55.807,126.93
MON,BID,2016-03-31 09:27:55.807,89.96
LH,BID,2016-03-31 09:27:55.807,107.4
WYN,ASK,2016-03-31 09:27:56.056,76.82
SWK,BID,2016-03-31 09:27:56.057,104.62
SNI,BID,2016-03-31 09:27:56.057,58.37
VRSK,BID,2016-03-31 09:27:56.057,74.05
DISCA,ASK,2016-03-31 09:27:56.058,29.04
VNO,ASK,2016-03-31 09:27:56.058,94.15
INTU,BID,2016-03-31 09:27:56.058,99.93
TROW,BID,2016-03-31 09:27:56.058,70.91
MTB,BID,2016-03-31 09:27:56.059,99.3
MSI,BID,2016-03-31 09:27:56.059,68.19
MKC,ASK,2016-03-31 09:27:56.059,106.75
MMC,ASK,2016-03-31 09:27:56.059,66.32
DISCK,ASK,2016-03-31 09:27:56.059,27.64
AIZ,BID,2016-03-31 09:27:56.307,70.16
EA,ASK,2016-03-31 09:27:56.307,66.88
ESS,ASK,2016-03-31 09:27:56.307,233.34
TSS,BID,2016-03-31 09:27:56.308,42.09
BLL,BID,2016-03-31 09:27:56.308,66.39
VMC,ASK,2016-03-31 09:27:56.308,109.63
MON,BID,2016-03-31 09:27:56.308,90.14
COL,BID,2016-03-31 09:27:56.309,85.93
CI,ASK,2016-03-31 09:27:56.557,138.57
EFX,BID,2016-03-31 09:27:56.557,110.07
EFX,ASK,2016-03-31 09:27:56.558,117.58
SNI,BID,2016-03-31 09:27:56.558,58.38
IBM,BID,2016-03-31 09:27:56.558,148.9
FIS,BID,2016-03-31 09:27:56.559,59.17
FRT,ASK,2016-03-31 09:27:56.559,156.55
INTU,BID,2016-03-31 09:27:56.560,99.54
LH,BID,2016-03-31 09:27:56.808,103.8
MKC,ASK,2016-03-31 09:27:56.808,107.21
MMC,ASK,2016-03-31 09:27:56.808,66.55
MSI,BID,2016-03-31 09:27:56.809,67.89
HAS,BID,2016-03-31 09:27:56.809,76.31
LLTC,BID,2016-03-31 09:27:56.809,44.41
MAR,BID,2016-03-31 09:27:56.809,70.82
NTRS,ASK,2016-03-31 09:27:56.810,75.64
AIZ,BID,2016-03-31 09:27:57.058,69.03
ADP,BID,2016-03-31 09:27:57.059,86.8
BLL,BID,2016-03-31 09:27:57.059,66.06
VRSK,BID,2016-03-31 09:27:57.059,73.75
BIIB,ASK,2016-03-31 09:27:57.059,257.9
COL,BID,2016-03-31 09:27:57.059,85.49
INTU,BID,2016-03-31 09:27:57.059,99.15
ATVI,BID,2016-03-31 09:27:57.060,33.46
SYMC,BID,2016-03-31 09:27:57.308,18.16
EA,ASK,2016-03-31 09:27:57.308,66.96
EFX,BID,2016-03-31 09:27:57.309,109.56
EFX,ASK,2016-03-31 09:27:57.309,118.09
CVC,ASK,2016-03-31 09:27:57.309,33.17
FIS,BID,2016-03-31 09:27:57.309,58.94
PNC,BID,2016-03-31 09:27:57.309,84.57
PNC,ASK,2016-03-31 09:27:57.309,85.49
EQIX,OPEN,2016-03-31 09:27:57.559,335.24
MKC,ASK,2016-03-31 09:27:57.559,107.67
MMC,ASK,2016-03-31 09:27:57.559,66.78
ADP,BID,2016-03-31 09:27:57.559,87.13
EQIX,ASK,2016-03-31 09:27:57.559,351.1
PDCO,BID,2016-03-31 09:27:57.559,42.3
INTU,BID,2016-03-31 09:27:57.560,98.76
MNST,BID,2016-03-31 09:27:57.809,124.39
GOOGL,ASK,2016-03-31 09:27:57.809,769.2
GOOG,BID,2016-03-31 09:27:57.809,748.8
TSS,BID,2016-03-31 09:27:57.810,41.86
BLL,BID,2016-03-31 09:27:57.810,65.73
VMC,ASK,2016-03-31 09:27:57.810,110.1
COL,BID,2016-03-31 09:27:58.059,85.05
ADBE,BID,2016-03-31 09:27:58.060,92.76
EFX,BID,2016-03-31 09:27:58.060,109.05
EFX,ASK,2016-03-31 09:27:58.060,118.6
WDC,BID,2016-03-31 09:27:58.060,45.4
VRSK,BID,2016-03-31 09:27:58.060,73.45
FIS,BID,2016-03-31 09:27:58.061,58.71
RIG,ASK,2016-03-31 09:27:58.061,9.0
KMI,ASK,2016-03-31 09:27:58.062,18.15
GE,ASK,2016-03-31 09:27:58.062,31.95
CHK,ASK,2016-03-31 09:27:58.062,4.05
SWN,BID,2016-03-31 09:27:58.062,7.56
KO,ASK,2016-03-31 09:27:58.062,46.69
PDCO,ASK,2016-03-31 09:27:58.063,50.24
QCOM,BID,2016-03-31 09:27:58.063,50.69
T,BID,2016-03-31 09:27:58.063,39.26
PFE,ASK,2016-03-31 09:27:58.063,30.17
MRO,BID,2016-03-31 09:27:58.064,10.36
INTU,BID,2016-03-31 09:27:58.310,98.37
HAL,ASK,2016-03-31 09:27:58.310,36.14
MKC,ASK,2016-03-31 09:27:58.310,108.13
MMC,ASK,2016-03-31 09:27:58.310,67.01
AIG,BID,2016-03-31 09:27:58.560,54.24
BLL,BID,2016-03-31 09:27:58.810,65.4
MNST,BID,2016-03-31 09:27:58.811,123.36
COL,BID,2016-03-31 09:27:58.811,84.61
EFX,BID,2016-03-31 09:27:58.811,108.54
EFX,ASK,2016-03-31 09:27:58.811,119.11
QCOM,BID,2016-03-31 09:27:58.812,50.54
FIS,BID,2016-03-31 09:27:58.812,58.48
ADP,BID,2016-03-31 09:27:59.061,86.8
BBT,BID,2016-03-31 09:27:59.061,33.22
VRSK,BID,2016-03-31 09:27:59.061,73.15
MKC,ASK,2016-03-31 09:27:59.061,108.59
MMC,ASK,2016-03-31 09:27:59.061,67.24
TSS,BID,2016-03-31 09:27:59.561,41.63
BLL,BID,2016-03-31 09:27:59.561,65.07
VMC,ASK,2016-03-31 09:27:59.562,110.57
COL,BID,2016-03-31 09:27:59.562,84.17
EFX,BID,2016-03-31 09:27:59.562,107.02
EFX,ASK,2016-03-31 09:27:59.562,-1.0
MNST,BID,2016-03-31 09:27:59.811,122.76
QCOM,BID,2016-03-31 09:27:59.812,50.39
MKC,ASK,2016-03-31 09:28:00.062,109.05
MMC,ASK,2016-03-31 09:28:00.062,67.47
VRSK,BID,2016-03-31 09:28:00.063,72.85
FITB,ASK,2016-03-31 09:28:00.063,16.93
MTB,BID,2016-03-31 09:28:00.063,101.5
GPC,BID,2016-03-31 09:28:00.063,89.88
GPC,ASK,2016-03-31 09:28:00.064,108.6
SPG,BID,2016-03-31 09:28:00.064,177.28
SPG,ASK,2016-03-31 09:28:00.064,234.53
SLG,BID,2016-03-31 09:28:00.064,85.46
SLG,ASK,2016-03-31 09:28:00.065,105.94
EA,ASK,2016-03-31 09:28:00.065,66.88
ZION,BID,2016-03-31 09:28:00.065,22.27
KHC,OPEN,2016-03-31 09:28:00.314,78.93
KHC,TRADE,2016-03-31 09:28:00.315,78.93
FSLR,OPEN,2016-03-31 09:28:00.315,68.87
FSLR,TRADE,2016-03-31 09:28:00.315,68.87
AAPL,TRADE,2016-03-31 09:28:00.315,109.48
MSFT,TRADE,2016-03-31 09:28:00.316,55.12
CSCO,OPEN,2016-03-31 09:28:00.316,28.5
CSCO,TRADE,2016-03-31 09:28:00.316,28.5
GE,TRADE,2016-03-31 09:28:00.316,31.83
MYL,TRADE,2016-03-31 09:28:00.317,46.23
GILD,TRADE,2016-03-31 09:28:00.317,92.1
FCX,TRADE,2016-03-31 09:28:00.320,10.11
SNI,ASK,2016-03-31 09:28:00.321,66.38
AIZ,BID,2016-03-31 09:28:00.321,69.59
ALXN,BID,2016-03-31 09:28:00.321,132.31
NWS,BID,2016-03-31 09:28:00.321,12.54
EQIX,BID,2016-03-31 09:28:00.321,319.4
SRCL,BID,2016-03-31 09:28:00.321,119.07
BDX,BID,2016-03-31 09:28:00.321,138.44
TMK,BID,2016-03-31 09:28:00.322,44.71
TMK,ASK,2016-03-31 09:28:00.322,64.58
FOX,BID,2016-03-31 09:28:00.322,27.82
PCAR,ASK,2016-03-31 09:28:00.322,54.78
MAC,BID,2016-03-31 09:28:00.323,70.49
MAC,ASK,2016-03-31 09:28:00.323,82.92
ETFC,ASK,2016-03-31 09:28:00.323,27.08
REGN,ASK,2016-03-31 09:28:00.323,368.0
ILMN,ASK,2016-03-31 09:28:00.323,168.02
EMC,BID,2016-03-31 09:28:00.323,26.55
AAPL,ASK,2016-03-31 09:28:00.324,109.59
FB,BID,2016-03-31 09:28:00.324,114.74
MAR,ASK,2016-03-31 09:28:00.324,71.9
ROK,BID,2016-03-31 09:28:00.324,103.75
FOXA,ASK,2016-03-31 09:28:00.324,28.42
NTRS,ASK,2016-03-31 09:28:00.324,-1.0
MSFT,BID,2016-03-31 09:28:00.325,55.02
CTL,BID,2016-03-31 09:28:00.325,31.63
CMG,BID,2016-03-31 09:28:00.325,462.92
TXN,ASK,2016-03-31 09:28:00.325,58.78
CNP,ASK,2016-03-31 09:28:00.326,21.38
PBCT,BID,2016-03-31 09:28:00.326,15.22
CSCO,ASK,2016-03-31 09:28:00.326,28.55
DISCA,BID,2016-03-31 09:28:00.326,27.13
XLNX,ASK,2016-03-31 09:28:00.326,48.26
STX,BID,2016-03-31 09:28:00.327,33.7
CELG,ASK,2016-03-31 09:28:00.327,99.17
YHOO,ASK,2016-03-31 09:28:00.327,36.63
WDC,BID,2016-03-31 09:28:00.327,44.92
MYL,BID,2016-03-31 09:28:00.327,46.18
TROW,BID,2016-03-31 09:28:00.328,71.2
GILD,BID,2016-03-31 09:28:00.328,92.03
NDAQ,ASK,2016-03-31 09:28:00.328,65.55
BK,ASK,2016-03-31 09:28:00.328,38.6
GS,BID,2016-03-31 09:28:00.328,154.75
COL,BID,2016-03-31 09:28:00.329,85.4
QCOM,ASK,2016-03-31 09:28:00.329,51.33
SBUX,BID,2016-03-31 09:28:00.329,59.73
FCX,BID,2016-03-31 09:28:00.329,10.1
RCL,BID,2016-03-31 09:28:00.563,79.88
INTU,BID,2016-03-31 09:28:00.563,100.37
INTU,ASK,2016-03-31 09:28:00.563,108.64
PCG,BID,2016-03-31 09:28:00.563,58.79
NFLX,BID,2016-03-31 09:28:00.563,102.1
NRG,BID,2016-03-31 09:28:00.563,12.8
FIS,BID,2016-03-31 09:28:00.564,58.89
AAL,BID,2016-03-31 09:28:00.564,41.38
AA,ASK,2016-03-31 09:28:00.564,9.73
BXLT,BID,2016-03-31 09:28:00.564,39.99
SPG,BID,2016-03-31 09:28:00.564,181.18
SPG,ASK,2016-03-31 09:28:00.564,230.63
ZION,ASK,2016-03-31 09:28:00.564,25.34
BAC,TRADE,2016-03-31 09:28:00.884,13.44
EQIX,BID,2016-03-31 09:28:00.885,319.39
FOX,ASK,2016-03-31 09:28:00.885,28.44
PCAR,BID,2016-03-31 09:28:00.885,49.84
PCAR,ASK,2016-03-31 09:28:00.885,59.01
REGN,BID,2016-03-31 09:28:00.885,357.28
REGN,ASK,2016-03-31 09:28:00.885,367.99
EMC,BID,2016-03-31 09:28:00.885,26.6
AAPL,BID,2016-03-31 09:28:00.885,109.5
FOXA,ASK,2016-03-31 09:28:00.885,28.23
MSFT,BID,2016-03-31 09:28:00.885,54.96
CNP,ASK,2016-03-31 09:28:00.886,21.49
PBCT,ASK,2016-03-31 09:28:00.886,16.21
CSCO,ASK,2016-03-31 09:28:00.886,28.68
MMC,ASK,2016-03-31 09:28:00.886,67.3
MNST,BID,2016-03-31 09:28:00.886,123.03
CELG,ASK,2016-03-31 09:28:00.886,101.0
MYL,BID,2016-03-31 09:28:00.886,45.71
GS,BID,2016-03-31 09:28:00.887,155.23
GS,ASK,2016-03-31 09:28:00.887,156.63
QCOM,BID,2016-03-31 09:28:00.887,50.55
EBAY,BID,2016-03-31 09:28:01.064,23.85
PCG,BID,2016-03-31 09:28:01.064,58.95
AIZ,BID,2016-03-31 09:28:01.064,69.03
AIG,BID,2016-03-31 09:28:01.065,54.26
URI,ASK,2016-03-31 09:28:01.065,63.24
NRG,BID,2016-03-31 09:28:01.065,12.67
T,BID,2016-03-31 09:28:01.065,39.25
TSS,BID,2016-03-31 09:28:01.065,41.75
FB,BID,2016-03-31 09:28:01.065,114.63
MNK,BID,2016-03-31 09:28:01.065,58.85
VMC,ASK,2016-03-31 09:28:01.065,111.04
VRSK,BID,2016-03-31 09:28:01.065,73.45
KR,ASK,2016-03-31 09:28:01.065,38.25
MRO,ASK,2016-03-31 09:28:01.066,10.58
SBUX,BID,2016-03-31 09:28:01.066,59.83
BXLT,BID,2016-03-31 09:28:01.066,40.18
COL,BID,2016-03-31 09:28:01.066,84.96
EA,BID,2016-03-31 09:28:01.314,66.03
AAPL,BID,2016-03-31 09:28:01.314,109.51
MSFT,BID,2016-03-31 09:28:01.314,54.98
MSFT,ASK,2016-03-31 09:28:01.314,55.25
CSCO,ASK,2016-03-31 09:28:01.315,28.62
CNP,ASK,2016-03-31 09:28:01.315,21.5
CELG,ASK,2016-03-31 09:28:01.315,99.32
BAC,BID,2016-03-31 09:28:01.316,13.43
FIS,BID,2016-03-31 09:28:01.316,58.66
LM,BID,2016-03-31 09:28:01.316,34.18
AAL,ASK,2016-03-31 09:28:01.317,41.93
RCL,BID,2016-03-31 09:28:01.565,81.0
RCL,ASK,2016-03-31 09:28:01.565,81.22
ITW,BID,2016-03-31 09:28:01.565,101.8
FISV,BID,2016-03-31 09:28:01.566,100.6
URI,ASK,2016-03-31 09:28:01.566,63.74
STI,ASK,2016-03-31 09:28:01.566,36.71
M,BID,2016-03-31 09:28:01.566,43.53
NRG,BID,2016-03-31 09:28:01.566,12.54
SBUX,BID,2016-03-31 09:28:01.566,59.84
GRMN,BID,2016-03-31 09:28:01.566,39.27
NFX,ASK,2016-03-31 09:28:01.817,32.9
XYL,BID,2016-03-31 09:28:01.817,40.79
AAPL,BID,2016-03-31 09:28:01.817,109.52
MNST,BID,2016-03-31 09:28:01.818,122.76
CVS,BID,2016-03-31 09:28:01.818,103.12
CELG,BID,2016-03-31 09:28:01.818,98.64
MYL,BID,2016-03-31 09:28:01.818,45.62
NEM,BID,2016-03-31 09:28:01.818,26.5
MSFT,ASK,2016-03-31 09:28:01.819,55.31
GWW,BID,2016-03-31 09:28:01.819,194.0
T,BID,2016-03-31 09:28:01.819,39.28
FDX,BID,2016-03-31 09:28:01.819,160.3
WMB,BID,2016-03-31 09:28:01.819,15.43
SIG,ASK,2016-03-31 09:28:01.819,121.15
RF,ASK,2016-03-31 09:28:01.819,7.95
AAL,ASK,2016-03-31 09:28:01.820,42.01
GD,BID,2016-03-31 09:28:02.065,131.04
COL,BID,2016-03-31 09:28:02.065,84.52
FISV,BID,2016-03-31 09:28:02.065,100.23
AMP,BID,2016-03-31 09:28:02.065,94.18
ADSK,BID,2016-03-31 09:28:02.066,55.5
VRSK,BID,2016-03-31 09:28:02.066,73.15
FIS,BID,2016-03-31 09:28:02.066,58.48
SBUX,BID,2016-03-31 09:28:02.066,59.58
MCO,BID,2016-03-31 09:28:02.066,95.0
RHI,BID,2016-03-31 09:28:02.067,45.13
GRMN,BID,2016-03-31 09:28:02.067,39.28
DISCA,BID,2016-03-31 09:28:02.067,27.31
MON,BID,2016-03-31 09:28:02.316,90.21
BBT,BID,2016-03-31 09:28:02.316,33.43
PBCT,ASK,2016-03-31 09:28:02.317,16.22
CHRW,BID,2016-03-31 09:28:02.317,70.92
HIG,ASK,2016-03-31 09:28:02.317,46.53
VFC,BID,2016-03-31 09:28:02.317,64.49
REGN,ASK,2016-03-31 09:28:02.317,368.0
NTRS,ASK,2016-03-31 09:28:02.317,75.64
CELG,BID,2016-03-31 09:28:02.318,98.73
TXN,ASK,2016-03-31 09:28:02.318,58.9
MYL,BID,2016-03-31 09:28:02.318,45.5
NEM,BID,2016-03-31 09:28:02.318,26.81
JPM,BID,2016-03-31 09:28:02.318,59.43
AMG,ASK,2016-03-31 09:28:02.318,163.79
MSFT,ASK,2016-03-31 09:28:02.318,55.46
GWW,BID,2016-03-31 09:28:02.319,231.44
R,ASK,2016-03-31 09:28:02.319,65.82
KSU,ASK,2016-03-31 09:28:02.319,87.2
FDX,BID,2016-03-31 09:28:02.319,159.8
WMB,BID,2016-03-31 09:28:02.319,15.55
FOX,ASK,2016-03-31 09:28:02.320,28.47
FOXA,ASK,2016-03-31 09:28:02.320,28.26
ALXN,BID,2016-03-31 09:28:02.320,131.26
NRG,BID,2016-03-31 09:28:02.320,12.41
DGX,BID,2016-03-31 09:28:02.320,71.53
EBAY,BID,2016-03-31 09:28:02.320,23.77
FISV,BID,2016-03-31 09:28:02.566,99.86
AMP,BID,2016-03-31 09:28:02.566,94.5
TROW,BID,2016-03-31 09:28:02.566,70.91
DO,BID,2016-03-31 09:28:02.566,20.7
URBN,BID,2016-03-31 09:28:02.567,30.68
CMA,BID,2016-03-31 09:28:02.567,37.33
CMA,ASK,2016-03-31 09:28:02.567,38.28
RF,BID,2016-03-31 09:28:02.567,7.79
RF,ASK,2016-03-31 09:28:02.567,7.93
HCP,ASK,2016-03-31 09:28:02.568,32.63
LEN,ASK,2016-03-31 09:28:02.568,47.93
AIG,BID,2016-03-31 09:28:02.568,54.24
ALLE,BID,2016-03-31 09:28:02.568,63.31
SBUX,BID,2016-03-31 09:28:02.568,59.77
RHI,BID,2016-03-31 09:28:02.569,45.47
TSS,BID,2016-03-31 09:28:02.569,41.63
PHM,BID,2016-03-31 09:28:02.569,18.28
BLL,BID,2016-03-31 09:28:02.569,65.0
URI,ASK,2016-03-31 09:28:02.570,64.19
HRS,ASK,2016-03-31 09:28:02.817,79.6
VMC,ASK,2016-03-31 09:28:02.817,111.51
PCAR,ASK,2016-03-31 09:28:02.817,54.78
VFC,BID,2016-03-31 09:28:02.818,64.78
CELG,BID,2016-03-31 09:28:02.818,98.64
COL,BID,2016-03-31 09:28:02.818,84.11
MYL,BID,2016-03-31 09:28:02.818,45.99
MYL,ASK,2016-03-31 09:28:02.819,46.38
HUM,ASK,2016-03-31 09:28:02.819,186.01
MSFT,BID,2016-03-31 09:28:02.819,54.91
GOOGL,ASK,2016-03-31 09:28:02.819,770.02
GOOG,BID,2016-03-31 09:28:02.819,747.75
IFF,ASK,2016-03-31 09:28:02.819,115.3
R,BID,2016-03-31 09:28:02.820,63.51
R,ASK,2016-03-31 09:28:02.820,65.17
WYN,ASK,2016-03-31 09:28:02.820,76.89
DOV,BID,2016-03-31 09:28:02.820,63.54
CI,ASK,2016-03-31 09:28:02.820,138.61
KSU,ASK,2016-03-31 09:28:02.821,86.68
FDX,BID,2016-03-31 09:28:02.821,160.6
AFL,ASK,2016-03-31 09:28:02.821,64.02
QCOM,BID,2016-03-31 09:28:02.821,50.39
FOX,ASK,2016-03-31 09:28:02.821,28.52
FOXA,ASK,2016-03-31 09:28:02.821,28.37
CTSH,ASK,2016-03-31 09:28:02.822,63.1
CSRA,BID,2016-03-31 09:28:02.822,26.67
SCHW,ASK,2016-03-31 09:28:03.068,28.28
RL,BID,2016-03-31 09:28:03.068,95.47
FISV,BID,2016-03-31 09:28:03.068,99.48
TROW,BID,2016-03-31 09:28:03.069,71.2
MA,ASK,2016-03-31 09:28:03.069,94.41
TMO,ASK,2016-03-31 09:28:03.069,141.6
MAT,BID,2016-03-31 09:28:03.069,32.22
DO,BID,2016-03-31 09:28:03.069,21.09
MHK,BID,2016-03-31 09:28:03.069,189.8
CMA,BID,2016-03-31 09:28:03.070,37.76
CMA,ASK,2016-03-31 09:28:03.070,38.16
SRE,BID,2016-03-31 09:28:03.070,102.63
URBN,BID,2016-03-31 09:28:03.070,30.46
SNA,BID,2016-03-31 09:28:03.070,157.01
VRSK,BID,2016-03-31 09:28:03.070,72.85
AME,BID,2016-03-31 09:28:03.071,49.42
HCN,ASK,2016-03-31 09:28:03.071,68.95
MKC,ASK,2016-03-31 09:28:03.071,109.14
MMC,ASK,2016-03-31 09:28:03.071,67.52
PNW,ASK,2016-03-31 09:28:03.071,75.15
PEG,ASK,2016-03-31 09:28:03.071,46.94
HPE,BID,2016-03-31 09:28:03.072,17.77
NVDA,ASK,2016-03-31 09:28:03.072,35.98
CHRW,BID,2016-03-31 09:28:03.072,70.64
HRS,ASK,2016-03-31 09:28:03.318,79.23
NRG,BID,2016-03-31 09:28:03.318,12.28
VNO,ASK,2016-03-31 09:28:03.318,94.06
ALLE,BID,2016-03-31 09:28:03.318,63.43
WDC,BID,2016-03-31 09:28:03.318,45.4
CELG,BID,2016-03-31 09:28:03.319,98.67
MYL,BID,2016-03-31 09:28:03.319,46.19
HUM,ASK,2016-03-31 09:28:03.319,186.67
GOOGL,ASK,2016-03-31 09:28:03.319,772.1
GOOG,BID,2016-03-31 09:28:03.319,748.75
GOOG,ASK,2016-03-31 09:28:03.320,753.7
ROK,BID,2016-03-31 09:28:03.320,104.25
R,BID,2016-03-31 09:28:03.320,64.1
RRC,ASK,2016-03-31 09:28:03.320,36.8
FDX,ASK,2016-03-31 09:28:03.320,162.3
AES,ASK,2016-03-31 09:28:03.320,11.68
ADS,BID,2016-03-31 09:28:03.321,205.01
AEE,BID,2016-03-31 09:28:03.321,43.84
AIZ,BID,2016-03-31 09:28:03.321,69.89
CTSH,BID,2016-03-31 09:28:03.321,59.41
AN,BID,2016-03-31 09:28:03.321,42.23
WMT,BID,2016-03-31 09:28:03.322,68.4
DOV,BID,2016-03-31 09:28:03.322,63.94
CI,ASK,2016-03-31 09:28:03.568,138.28
ETFC,BID,2016-03-31 09:28:03.568,22.0
BDX,BID,2016-03-31 09:28:03.568,140.04
PSA,ASK,2016-03-31 09:28:03.568,293.49
BLL,BID,2016-03-31 09:28:03.568,64.83
RL,BID,2016-03-31 09:28:03.568,96.12
FISV,BID,2016-03-31 09:28:03.568,99.1
CSRA,BID,2016-03-31 09:28:03.569,26.95
WAT,ASK,2016-03-31 09:28:03.569,133.29
COL,BID,2016-03-31 09:28:03.569,85.22
SNA,BID,2016-03-31 09:28:03.569,157.78
MHFI,ASK,2016-03-31 09:28:03.569,99.51
WHR,BID,2016-03-31 09:28:03.569,176.48
AME,BID,2016-03-31 09:28:03.569,49.71
HES,ASK,2016-03-31 09:28:03.569,51.25
PNW,ASK,2016-03-31 09:28:03.569,75.46
PEG,ASK,2016-03-31 09:28:03.569,46.86
SHW,BID,2016-03-31 09:28:03.570,272.0
EQR,ASK,2016-03-31 09:28:03.570,79.62
CMS,ASK,2016-03-31 09:28:03.570,42.51
ADI,BID,2016-03-31 09:28:03.818,55.78
FIS,BID,2016-03-31 09:28:03.818,59.79
AON,BID,2016-03-31 09:28:03.818,103.15
APD,BID,2016-03-31 09:28:03.818,144.42
D,BID,2016-03-31 09:28:03.818,74.17
GPC,BID,2016-03-31 09:28:03.819,92.36
GPC,ASK,2016-03-31 09:28:03.819,106.18
APH,ASK,2016-03-31 09:28:03.819,58.2
HUM,BID,2016-03-31 09:28:03.819,184.18
HUM,ASK,2016-03-31 09:28:03.819,185.9
TXT,BID,2016-03-31 09:28:03.820,36.05
GOOG,ASK,2016-03-31 09:28:03.820,752.14
GOOGL,ASK,2016-03-31 09:28:03.820,770.8
CINF,BID,2016-03-31 09:28:03.820,61.84
ADS,BID,2016-03-31 09:28:03.820,214.61
ADS,ASK,2016-03-31 09:28:03.821,216.82
FMC,ASK,2016-03-31 09:28:03.821,41.49
QCOM,BID,2016-03-31 09:28:03.821,50.55
FFIV,ASK,2016-03-31 09:28:03.821,125.0
PPG,ASK,2016-03-31 09:28:03.821,112.45
MAC,BID,2016-03-31 09:28:03.821,73.4
MCK,ASK,2016-03-31 09:28:03.822,161.73
SCG,ASK,2016-03-31 09:28:03.822,70.23
MKC,ASK,2016-03-31 09:28:04.068,109.17
MMC,ASK,2016-03-31 09:28:04.068,67.4
MTB,BID,2016-03-31 09:28:04.068,104.77
MSI,BID,2016-03-31 09:28:04.069,69.91
PSA,ASK,2016-03-31 09:28:04.069,274.2
NOC,ASK,2016-03-31 09:28:04.069,205.75
NRG,BID,2016-03-31 09:28:04.069,12.15
FISV,BID,2016-03-31 09:28:04.069,98.72
OI,BID,2016-03-31 09:28:04.069,15.6
WAT,BID,2016-03-31 09:28:04.069,131.24
URBN,BID,2016-03-31 09:28:04.069,30.24
VRSK,BID,2016-03-31 09:28:04.069,74.01
ROK,BID,2016-03-31 09:28:04.069,107.55
HES,ASK,2016-03-31 09:28:04.069,51.21
RRC,ASK,2016-03-31 09:28:04.069,36.21
PNW,ASK,2016-03-31 09:28:04.070,75.0
AAP,BID,2016-03-31 09:28:04.070,157.75
ABBV,ASK,2016-03-31 09:28:04.070,57.89
SLG,BID,2016-03-31 09:28:04.070,90.25
SLG,ASK,2016-03-31 09:28:04.070,101.29
AEE,BID,2016-03-31 09:28:04.070,45.19
AIZ,BID,2016-03-31 09:28:04.318,73.88
AIG,BID,2016-03-31 09:28:04.318,54.26
AN,BID,2016-03-31 09:28:04.318,43.49
WHR,ASK,2016-03-31 09:28:04.318,178.77
TSS,BID,2016-03-31 09:28:04.318,41.75
BDX,BID,2016-03-31 09:28:04.319,144.35
APD,ASK,2016-03-31 09:28:04.319,145.83
ESV,ASK,2016-03-31 09:28:04.319,10.44
APH,ASK,2016-03-31 09:28:04.319,57.97
BLL,BID,2016-03-31 09:28:04.319,65.07
URI,BID,2016-03-31 09:28:04.319,57.67
VMC,ASK,2016-03-31 09:28:04.320,111.98
GOOG,ASK,2016-03-31 09:28:04.320,751.66
GOOGL,ASK,2016-03-31 09:28:04.320,770.0
SHW,BID,2016-03-31 09:28:04.320,283.03
GPS,ASK,2016-03-31 09:28:04.320,29.81
CINF,BID,2016-03-31 09:28:04.321,62.15
ALLE,BID,2016-03-31 09:28:04.321,63.46
ALXN,BID,2016-03-31 09:28:04.321,132.31
COL,BID,2016-03-31 09:28:04.321,87.19
COH,ASK,2016-03-31 09:28:04.321,40.99
PPG,ASK,2016-03-31 09:28:04.322,112.26
FFIV,ASK,2016-03-31 09:28:04.322,106.13
SCG,ASK,2016-03-31 09:28:04.322,69.79
EQR,ASK,2016-03-31 09:28:04.568,78.93
FISV,BID,2016-03-31 09:28:04.568,98.5
FIS,BID,2016-03-31 09:28:04.568,60.78
GPC,BID,2016-03-31 09:28:04.568,93.95
GPC,ASK,2016-03-31 09:28:04.568,104.64
AET,ASK,2016-03-31 09:28:04.569,114.72
BAC,BID,2016-03-31 09:28:04.569,13.44
MAC,BID,2016-03-31 09:28:04.818,74.53
MKC,ASK,2016-03-31 09:28:04.818,109.05
MMC,ASK,2016-03-31 09:28:04.818,67.3
MSI,BID,2016-03-31 09:28:04.819,70.58
MTB,BID,2016-03-31 09:28:04.819,105.61
ESV,ASK,2016-03-31 09:28:04.819,10.26
NTAP,BID,2016-03-31 09:28:04.820,23.01
HUM,BID,2016-03-31 09:28:04.820,184.28
NRG,BID,2016-03-31 09:28:04.820,12.05
GILD,ASK,2016-03-31 09:28:04.821,92.31
FTI,BID,2016-03-31 09:28:04.821,26.92
WHR,ASK,2016-03-31 09:28:04.821,178.05
EA,BID,2016-03-31 09:28:04.822,65.75
LLTC,BID,2016-03-31 09:28:04.822,44.4
ROK,BID,2016-03-31 09:28:04.822,107.88
AAP,BID,2016-03-31 09:28:04.921,157.84
AON,BID,2016-03-31 09:28:04.921,103.19
URBN,BID,2016-03-31 09:28:05.013,30.02
VRSK,BID,2016-03-31 09:28:05.013,74.25
BAC,ASK,2016-03-31 09:28:05.265,13.46
EFX,BID,2016-03-31 09:28:05.266,111.57
EFX,ASK,2016-03-31 09:28:05.266,116.14
EIX,BID,2016-03-31 09:28:05.266,68.73
EIX,ASK,2016-03-31 09:28:05.266,73.16
URI,BID,2016-03-31 09:28:05.267,57.97
HAS,ASK,2016-03-31 09:28:05.267,81.02
CHRW,ASK,2016-03-31 09:28:05.267,77.07
SNDK,ASK,2016-03-31 09:28:05.268,77.42
VRSN,ASK,2016-03-31 09:28:05.268,91.44
WYNN,ASK,2016-03-31 09:28:05.268,95.81
LH,BID,2016-03-31 09:28:05.268,108.62
INTU,BID,2016-03-31 09:28:05.269,100.42
INTU,ASK,2016-03-31 09:28:05.269,105.19
TROW,ASK,2016-03-31 09:28:05.270,75.34
BLL,BID,2016-03-31 09:28:05.270,67.4
TSS,BID,2016-03-31 09:28:05.270,42.53
SPLS,ASK,2016-03-31 09:28:05.270,11.3
QRVO,ASK,2016-03-31 09:28:05.270,52.86
MNK,BID,2016-03-31 09:28:05.270,58.86
SNI,BID,2016-03-31 09:28:05.271,58.91
LRCX,ASK,2016-03-31 09:28:05.271,83.93
IVZ,ASK,2016-03-31 09:28:05.273,31.87
MNST,BID,2016-03-31 09:28:05.273,124.31
NTRS,ASK,2016-03-31 09:28:05.273,70.58
ADI,ASK,2016-03-31 09:28:05.273,60.91
AEP,BID,2016-03-31 09:28:05.273,64.58
ALXN,ASK,2016-03-31 09:28:05.274,139.68
BBBY,ASK,2016-03-31 09:28:05.274,50.74
VRTX,BID,2016-03-31 09:28:05.274,75.5
TRIP,ASK,2016-03-31 09:28:05.274,68.41
TMK,BID,2016-03-31 09:28:05.274,47.22
TMK,ASK,2016-03-31 09:28:05.274,58.44
VMC,ASK,2016-03-31 09:28:05.275,108.84
ADSK,ASK,2016-03-31 09:28:05.275,59.54
CINF,ASK,2016-03-31 09:28:05.275,67.98
CMCSA,ASK,2016-03-31 09:28:05.275,61.99
CTXS,ASK,2016-03-31 09:28:05.275,79.31
CME,ASK,2016-03-31 09:28:05.275,98.46
CTSH,ASK,2016-03-31 09:28:05.276,62.99
TXN,BID,2016-03-31 09:28:05.276,57.69
CSX,BID,2016-03-31 09:28:05.276,25.75
FSLR,ASK,2016-03-31 09:28:05.276,70.42
ESRX,ASK,2016-03-31 09:28:05.276,70.41
HBI,BID,2016-03-31 09:28:05.276,27.89
PAYX,ASK,2016-03-31 09:28:05.276,54.78
CELG,BID,2016-03-31 09:28:05.277,98.64
FTR,BID,2016-03-31 09:28:05.277,5.61
MKC,ASK,2016-03-31 09:28:05.277,106.26
MMC,ASK,2016-03-31 09:28:05.277,66.0
INTC,BID,2016-03-31 09:28:05.277,32.51
XLNX,ASK,2016-03-31 09:28:05.278,48.78
FITB,ASK,2016-03-31 09:28:05.278,17.05
FOX,ASK,2016-03-31 09:28:05.278,28.76
FOXA,ASK,2016-03-31 09:28:05.278,28.4
EXPD,ASK,2016-03-31 09:28:05.516,49.33
DISCK,ASK,2016-03-31 09:28:05.516,27.6
VRSK,BID,2016-03-31 09:28:05.516,74.45
VRSK,ASK,2016-03-31 09:28:05.517,81.84
BAC,BID,2016-03-31 09:28:05.768,13.43
BAC,ASK,2016-03-31 09:28:05.768,13.45
HAS,BID,2016-03-31 09:28:05.768,75.71
HAS,ASK,2016-03-31 09:28:05.768,81.01
VRSN,ASK,2016-03-31 09:28:05.769,90.23
SPLS,BID,2016-03-31 09:28:05.769,10.91
TRIP,ASK,2016-03-31 09:28:05.770,68.39
SNI,BID,2016-03-31 09:28:05.770,58.92
SNI,ASK,2016-03-31 09:28:05.770,66.39
LLTC,ASK,2016-03-31 09:28:05.770,45.66
